@article{Hotelling-1930,
  title={Spaces of statistical parameters},
  author={Hotelling, Harold},
  journal={Bull. Amer. Math. Soc},
  volume={36},
  pages={191},
  year={1930}
}

@article{EpicML-2007,
  title={The epic story of maximum likelihood},
  author={Stigler, Stephen M },
  journal={Statistical Science},
  volume={22},
  number={4},
  pages={598--620},
  year={2007},
  publisher={Institute of Mathematical Statistics}
}

@article{Rao-1945,
    author = {Rao, Radhakrishna C.},
    journal = {Bull. Calcutta Math. Soc.},
    pages = {81--91},
    title = {Information and the accuracy attainable in the estimation of statistical parameters},
    volume = {37},
    year = {1945}
}

 

 @incollection{Rao-reprint-1992,
  title={Information and the accuracy attainable in the estimation of statistical parameters},
  author={Calyampudi Radhakrishna Rao},
  booktitle={Breakthroughs in statistics},
  pages={235--247},
  year={1992},
  publisher={Springer}
}

	@book{IG-2016,
  title={Information Geometry and Its Applications},
  author={Amari, S.},
  isbn={9784431559771},
  series={Applied Mathematical Sciences},
  year={2016},
  publisher={Springer Japan}
}

@article{IG-2017,
  title={Information geometry},
  author={Ay, Nihat and Jost, J{\"u}rgen and L{\^e}, HV and Schwachh{\"o}fer, Lorenz},
  journal={Ergebnisse der Mathematik und Ihrer Grenzgebiete/A Series of Modern Surveys in Mathematics, Springer},
  year={2017},
  publisher={Springer}
}