 @article{BasuPowerDivergence-1998,
  title={Robust and efficient estimation by minimising a density power divergence},
  author={Basu, Ayanendranath and Harris, Ian R and Hjort, Nils L and Jones, MC},
  journal={Biometrika},
  volume={85},
  number={3},
  pages={549--559},
  year={1998},
  publisher={Oxford University Press}
}

@article{PhiPowerDivergence-2021,
  title={Characterizing the Functional Density Power Divergence Class},
  author={Ray, Souvik and Pal, Subrata and Kar, Sumit Kumar and Basu, Ayanendranath},
  journal={arXiv preprint arXiv:2105.06094},
  year={2021}
}


@article{gammadivergence-2008,
  title={Robust parameter estimation with a small bias against heavy contamination},
  author={Fujisawa, Hironori and Eguchi, Shinto},
  journal={Journal of Multivariate Analysis},
  volume={99},
  number={9},
  pages={2053--2081},
  year={2008},
  publisher={Elsevier}
}
@inproceedings{takenouchi2019parameter,
  title={Parameter Estimation with Generalized Empirical Localization},
  author={Takenouchi, Takashi},
  booktitle={International Conference on Geometric Science of Information},
  pages={368--376},
  year={2019},
  organization={Springer}
}

@article{nielsen2021fast,
  title={{Fast approximations of the Jeffreys divergence between univariate Gaussian mixture models via exponential polynomial densities}},
  author={Nielsen, Frank},
  journal={arXiv preprint arXiv:2107.05901},
  year={2021}
}


@incollection{nielsen2019clustering,
  title={{Clustering in Hilbert's projective geometry: The case studies of the probability simplex and the elliptope of correlation matrices}},
  author={Nielsen, Frank and Sun, Ke},
  booktitle={Geometric Structures of Information},
  pages={297--331},
  year={2019},
  publisher={Springer}
}

@inproceedings{kampa2011closed,
  title={{Closed-form Cauchy-Schwarz PDF divergence for mixture of Gaussians}},
  author={Kampa, Kittipat and Hasanbelliu, Erion and Principe, Jose C},
  booktitle={The 2011 International Joint Conference on Neural Networks},
  pages={2578--2585},
  year={2011},
  organization={IEEE}
}

@article{jenssen2006cauchy,
  title={{The Cauchy--Schwarz divergence and Parzen windowing: Connections to graph theory and Mercer kernels}},
  author={Jenssen, Robert and Principe, Jose C and Erdogmus, Deniz and Eltoft, Torbj{\o}rn},
  journal={Journal of the Franklin Institute},
  volume={343},
  number={6},
  pages={614--629},
  year={2006},
  publisher={Elsevier}
}

@inproceedings{nielsen2012closed,
  title={Closed-form information-theoretic divergences for statistical mixtures},
  author={Nielsen, Frank},
  booktitle={Proceedings of the 21st International Conference on Pattern Recognition (ICPR)},
  pages={1723--1726},
  year={2012},
  organization={IEEE}
}


@article{HolderDivergence-2017,
  title={On H{\"o}lder projective divergences},
  author={Nielsen, Frank and Sun, Ke and Marchand-Maillet, St{\'e}phane},
  journal={Entropy},
  volume={19},
  number={3},
  pages={122},
  year={2017},
  publisher={Multidisciplinary Digital Publishing Institute}
}


@inproceedings{PMPEF-2016,
  title={Patch matching with polynomial exponential families and projective divergences},
  author={Nielsen, Frank and Nock, Richard},
  booktitle={International Conference on Similarity Search and Applications},
  pages={109--116},
  year={2016},
  organization={Springer}
}


@book{MinDistance-2019,
  title={Statistical inference: the minimum distance approach},
  author={Basu, Ayanendranath and Shioya, Hiroyuki and Park, Chanseok},
  year={2019},
  publisher={Chapman and Hall/CRC}
}


@article{gammadivergence-2001,
  title={A comparison of related density-based minimum divergence estimators},
  author={Jones, MC and Hjort, Nils Lid and Harris, Ian R and Basu, Ayanendranath},
  journal={Biometrika},
  volume={88},
  number={3},
  pages={865--873},
  year={2001},
  publisher={Oxford University Press}
}