


@article{GenJS-2020,
  title={On a Generalization of the {J}ensen--{S}hannon Divergence and the {J}ensen--{S}hannon Centroid},
  author={Nielsen, Frank},
  journal={Entropy},
  volume={22},
  number={2},
  pages={221},
  year={2020},
  publisher={Multidisciplinary Digital Publishing Institute}
}

@article{BVD-2010,
  title={Bregman {V}oronoi diagrams},
  author={Boissonnat, Jean-Daniel and Nielsen, Frank and Nock, Richard},
  journal={Discrete \& Computational Geometry},
  volume={44},
  number={2},
  pages={281--307},
  year={2010},
  publisher={Springer}
}

@article{BVD-2007,
  title={Bregman {V}oronoi diagrams: Properties, algorithms and applications},
  author={Nielsen, Frank and Boissonnat, Jean-Daniel and Nock, Richard},
  journal={arXiv preprint arXiv:0709.2196},
  year={2007}
}

@article{BD-2005,
  title={Clustering with {B}regman divergences},
  author={Banerjee, Arindam and Merugu, Srujana and Dhillon, Inderjit S and Ghosh, Joydeep},
  journal={Journal of machine learning research},
  volume={6},
  number={Oct},
  pages={1705--1749},
  year={2005}
}

@article{IGDiv-2010,
  title={Information geometry of divergence functions},
  author={Amari, Shun-ichi and Cichocki, Andrzej},
  journal={Bulletin of the polish academy of sciences. Technical sciences},
  volume={58},
  number={1},
  pages={183--195},
  year={2010}
}


@article{Bregman-1967,
  title={The relaxation method of finding the common point of convex sets and its application to the solution of problems in convex programming},
  author={Bregman, Lev M},
  journal={USSR computational mathematics and mathematical physics},
  volume={7},
  number={3},
  pages={200--217},
  year={1967},
  publisher={Elsevier}
}


@techreport{GeodesicTriangles-2019,
  title={On geodesic triangles with right angles in a dually flat space},
  author={Nielsen, Frank},
	note={arXiv:1910.03935},
  institution={arXiv preprint},
  year={2019}
}


@article{Ahidar-2019,
  title={Convergence rates for empirical barycenters in metric spaces: curvature, convexity and extendable geodesics},
  author={Ahidar-Coutrix, Adil and Le Gouic, Thibaut and Paris, Quentin},
  journal={Probability Theory and Related Fields},
  pages={1--46},
  year={2019},
  publisher={Springer}
}

	@book{IG-2016,
  title={Information Geometry and Its Applications},
  author={Amari, Shun-ichi},
  isbn={9784431559771},
  series={Applied Mathematical Sciences},
  year={2016},
  publisher={Springer Japan}
}

@techreport{EIG-2018,
  title={An elementary introduction to information geometry},
  author={Nielsen, Frank},
  institution={arXiv preprint},
	note={arxiv:1808.08271},
  year={2018}
}



@article{InformationRadius-1969,
  title={Information radius},
  author={Sibson, Robin},
  journal={Zeitschrift f{\"u}r {W}ahrscheinlichkeitstheorie und verwandte {G}ebiete},
  volume={14},
  number={2},
  pages={149--160},
  year={1969},
  publisher={Springer}
}

@article{SBD-2009,
  title={Sided and symmetrized {B}regman centroids},
  author={Nielsen, Frank and Nock, Richard},
  journal={IEEE transactions on Information Theory},
  volume={55},
  number={6},
  pages={2882--2904},
  year={2009},
  publisher={IEEE}
}

@article{Frechet-1948,
  title={Les {\'e}l{\'e}ments al{\'e}atoires de nature quelconque dans un espace distanci{\'e}},
  author={Fr{\'e}chet, Maurice},
  journal={Annales de l'institut Henri Poincar{\'e}},
  volume={10},
  number={4},
  pages={215--310},
  year={1948}
}