@article{arnaudon2013approximating,
  title={{On approximating the Riemannian $1$-center}},
  author={Arnaudon, Marc and Nielsen, Frank},
  journal={Computational Geometry},
  volume={46},
  number={1},
  pages={93--104},
  year={2013},
  publisher={Elsevier}
}


@incollection{NIELSEN2024,
title = {{Approximation and bounding techniques for the Fisher-Rao distances between parametric statistical models}},
series = {Handbook of Statistics},
publisher = {Elsevier},
year = {2024},
issn = {0169-7161},
doi = {https://doi.org/10.1016/bs.host.2024.06.003},
url = {https://www.sciencedirect.com/science/article/pii/S0169716124000269},
author = {Frank Nielsen},
keywords = {Fisher information, Riemannian geometry, Malahanobis distance, Geodesics, Rao's distance, Information geometry, Hessian manifold, Bregman divergence, Isometric embedding, Elliptical distribution, Birkhoff/Hilbert projective cone geometry, Transformation model, Maximal invariant},
abstract = {The Fisher-Rao distance between two probability distributions of a finite-dimensional parametric statistical model is defined as the Riemannian geodesic distance induced by the Fisher information metric. The Fisher-Rao distance is guaranteed by construction to be invariant under diffeomorphisms of both the sample space and the parameter space of the statistical model. In order to calculate the Fisher-Rao distance in closed-form, one proceeds by (1) eliciting a formula for the Fisher-Rao geodesics, and (2) integrating the Fisher-Rao length element along those geodesics. These calculations turn out to be difficult tasks for some statistical models like the multivariate elliptical distributions which include the class of multivariate normal distributions. In this chapter, we consider several numerically robust approximation and bounding techniques for the Fisher-Rao distances: First, we report generic upper bounds on the Fisher-Rao distances based on closed-form Fisher-Rao distances of univariate statistical submodels. Second, we describe several generic approximation schemes depending on whether the Fisher-Rao geodesics or pregeodesics are available in closed-form or not. In particular, we obtain a generic method to guarantee an arbitrarily small additive error on the approximation provided that Fisher-Rao pregeodesics and tight lower and upper bounds are available. This case applies to the class of multivariate normal distributions. Third, we consider the case of Fisher metrics being Hessian metrics, and report generic tight upper bounds on the Fisher-Rao distances as square roots of Jeffreys-Bregman divergences which correspond to the Fisher-Rao energies of dual curves in information geometry. Fourth, we consider elliptical distribution families and show how to apply the above approximation and bounding techniques to these models. We also propose two new distances based either on the Fisher-Rao lengths of curves serving as proxies of Fisher-Rao geodesics, or based on the Birkhoff/Hilbert projective cone distance. Finally, we consider an alternative group-theoretic approach for statistical transformation models based on the notion of maximal invariant which yields insights on the structures of the Fisher-Rao distance formula and its degrees of freedom which may be used fruitfully in applications.}
}

@article{nielsen2023simple,
  title={{A simple approximation method for the Fisher--Rao distance between multivariate normal distributions}},
  author={Nielsen, Frank},
  journal={Entropy},
  volume={25},
  number={4},
  pages={654},
  year={2023},
  publisher={MDPI}
}


@article{nielsen2020elementary,
  title={An elementary introduction to information geometry},
  author={Nielsen, Frank},
  journal={Entropy},
  volume={22},
  number={10},
  pages={1100},
  year={2020},
  publisher={MDPI}
}


@article{arnaudon2012medians,
  title={{Medians and means in Finsler geometry}},
  author={Arnaudon, Marc and Nielsen, Frank},
  journal={LMS Journal of Computation and Mathematics},
  volume={15},
  pages={23--37},
  year={2012},
  publisher={London Mathematical Society}
}


@inproceedings{nielsen2010hyperbolic,
  title={{Hyperbolic Voronoi diagrams made easy}},
  author={Nielsen, Frank and Nock, Richard},
  booktitle={International Conference on Computational Science and Its Applications},
  pages={74--80},
  year={2010},
  organization={IEEE}
}

@inproceedings{nielsen2014visualizing,
  title={{Visualizing hyperbolic Voronoi diagrams}},
  author={Nielsen, Frank and Nock, Richard},
  booktitle={Proceedings of the thirtieth annual symposium on Computational geometry},
  pages={90--91},
  year={2014}
}

@inproceedings{nielsen2015approximating,
  title={Approximating covering and minimum enclosing balls in hyperbolic geometry},
  author={Nielsen, Frank and Hadjeres, Ga{\"e}tan},
  booktitle={Geometric Science of Information: Second International Conference, GSI 2015, Palaiseau, France, October 28-30, 2015, Proceedings 2},
  pages={586--594},
  year={2015},
  organization={Springer}
}


@article{nielsen2020voronoi,
  title={{On Voronoi diagrams on the information-geometric Cauchy manifolds}},
  author={Nielsen, Frank},
  journal={Entropy},
  volume={22},
  number={7},
  pages={713},
  year={2020},
  publisher={MDPI}
}

@article{gomes2018geometry,
  title={{Geometry and clustering with metrics derived from separable Bregman divergences}},
  author={Gomes-Gon{\c{c}}alves, Erika and Gzyl, Henryk and Nielsen, Frank},
  journal={arXiv preprint arXiv:1810.10770},
  year={2018}
}
@inproceedings{cabanes2021classification,
  title={{Classification in the Siegel Space for Vectorial Autoregressive Data}},
  author={Cabanes, Yann and Nielsen, Frank},
  booktitle={Geometric Science of Information: 5th International Conference, GSI 2021, Paris, France, July 21--23, 2021, Proceedings 5},
  pages={693--700},
  year={2021},
  organization={Springer}
}

@inproceedings{nielsen2018geometry,
  title={On the geometry of mixtures of prescribed distributions},
  author={Nielsen, Frank and Nock, Richard},
  booktitle={2018 IEEE International Conference on Acoustics, Speech and Signal Processing (ICASSP)},
  pages={2861--2865},
  year={2018},
  organization={IEEE}
}

@article{nielsen2012hyperbolic,
  title={{The hyperbolic Voronoi diagram in arbitrary dimension}},
  author={Nielsen, Frank and Nock, Richard},
  journal={arXiv preprint arXiv:1210.8234},
  year={2012}
}

@article{nielsen2014further,
  title={{Further results on the hyperbolic Voronoi diagrams}},
  author={Nielsen, Frank and Nock, Richard},
  journal={arXiv preprint arXiv:1410.1036},
  year={2014}
}

@inproceedings{nielsen2016classification,
  title={{Classification with mixtures of curved Mahalanobis metrics}},
  author={Nielsen, Frank and Muzellec, Boris and Nock, Richard},
  booktitle={IEEE International Conference on Image Processing (ICIP)},
  pages={241--245},
  year={2016},
  organization={IEEE}
}


@book{nielsen2013matrix,
  title={Matrix information geometry},
  author={Nielsen, Frank and Bhatia, Rajendra},
  year={2013},
  publisher={Springer}
}


@article{nielsen2019clustering,
  title={{Clustering in Hilbert's projective geometry: The case studies of the probability simplex and the elliptope of correlation matrices}},
  author={Nielsen, Frank and Sun, Ke},
  journal={Geometric structures of information},
  pages={297--331},
  year={2019},
  publisher={Springer}
}


@inproceedings{nielsen2017balls,
  title={{On balls in a Hilbert polygonal geometry (multimedia contribution)}},
  author={Nielsen, Frank and Shao, Laetitia},
  booktitle={33rd International Symposium on Computational Geometry (SoCG 2017)},
  year={2017},
  organization={Schloss Dagstuhl-Leibniz-Zentrum fuer Informatik}
}

@article{boissonnat2010bregman,
  title={{Bregman Voronoi diagrams}},
  author={Boissonnat, Jean-Daniel and Nielsen, Frank and Nock, Richard},
  journal={Discrete \& Computational Geometry},
  volume={44},
  pages={281--307},
  year={2010},
  publisher={Springer}
}
@article{nielsen2019monte,
  title={{Monte Carlo information-geometric structures}},
  author={Nielsen, Frank and Hadjeres, Ga{\"e}tan},
  journal={Geometric Structures of Information},
  pages={69--103},
  year={2019},
  publisher={Springer}
}
@inproceedings{nielsen2013hypothesis,
  title={Hypothesis testing, information divergence and computational geometry},
  author={Nielsen, Frank},
  booktitle={International Conference on Geometric Science of Information},
  pages={241--248},
  year={2013},
  organization={Springer}
}

@article{nielsen2013information,
  title={{An information-geometric characterization of Chernoff information}},
  author={Nielsen, Frank},
  journal={IEEE Signal Processing Letters},
  volume={20},
  number={3},
  pages={269--272},
  year={2013},
  publisher={IEEE}
}
@inproceedings{nielsen2009bregman,
  title={Bregman vantage point trees for efficient nearest neighbor queries},
  author={Nielsen, Frank and Piro, Paolo and Barlaud, Michel},
  booktitle={2009 IEEE International Conference on Multimedia and Expo},
  pages={878--881},
  year={2009},
  organization={IEEE}
}

@inproceedings{nielsen2009tailored,
  title={{Tailored Bregman ball trees for effective nearest neighbors}},
  author={Nielsen, Frank and Piro, Paolo and Barlaud, Michel},
  booktitle={Proceedings of the 25th European Workshop on Computational Geometry (EuroCG)},
  pages={29--32},
  year={2009}
}
@article{nielsen2008smallest,
  title={On the smallest enclosing information disk},
  author={Nielsen, Frank and Nock, Richard},
  journal={Information Processing Letters},
  volume={105},
  number={3},
  pages={93--97},
  year={2008},
  publisher={Elsevier}
}
@inproceedings{nock2005fitting,
  title={{Fitting the smallest enclosing Bregman ball}},
  author={Nock, Richard and Nielsen, Frank},
  booktitle={European Conference on Machine Learning},
  pages={649--656},
  year={2005},
  organization={Springer}
}


@article{esser2022influence,
  title={On the Influence of Enforcing Model Identifiability on Learning dynamics of Gaussian Mixture Models},
  author={Esser, Pascal Mattia and Nielsen, Frank},
  journal={arXiv preprint arXiv:2206.08598},
  year={2022}
}


@article{sun2019geometric,
  title={{A Geometric Modeling of Occam's Razor in Deep Learning}},
  author={Sun, Ke and Nielsen, Frank},
  journal={arXiv preprint arXiv:1905.11027},
  year={2019}
}

@article{nielsen2020siegel,
  title={{The Siegel--Klein disk: Hilbert geometry of the Siegel disk domain}},
  author={Nielsen, Frank},
  journal={Entropy},
  volume={22},
  number={9},
  pages={1019},
  year={2020},
  publisher={MDPI}
}


@incollection{nielsen2021geodesic,
  title={On geodesic triangles with right angles in a dually flat space},
  author={Nielsen, Frank},
  booktitle={Progress in Information Geometry: Theory and Applications},
  pages={153--190},
  year={2021},
  publisher={Springer}
}


@inproceedings{nielsen2023non,
  title={{Non-linear embeddings in Hilbert simplex geometry}},
  author={Nielsen, Frank and Sun, Ke},
  booktitle={Topological, Algebraic and Geometric Learning Workshops 2023},
  pages={254--266},
  year={2023},
  organization={PMLR}
}

@inproceedings{nielsen2023fisher,
  title={{Fisher-Rao and pullback Hilbert cone distances on the multivariate Gaussian manifold with applications to simplification and quantization of mixtures}},
  author={Nielsen, Frank},
  booktitle={Topological, Algebraic and Geometric Learning Workshops 2023},
  pages={488--504},
  year={2023},
  organization={PMLR}
}

@article{chevallier2024equivariant,
  title={Equivariant log-extrinsic means on irreducible symmetric cones},
  author={Chevallier, Emmanuel and Nielsen, Frank},
  year={2024}
}
