@article{kondo1955geometry,
  title={Geometry of elastic deformation and incompatibility},
  author={Kondo, K},
  journal={Memoirs of the unifying study of the basic problems in engineering science by means of geometry},
  volume={1},
  pages={5--17},
  year={1955},
  publisher={Gakujutsu Bunken Fukyo-Kai Tokyo}
}


@article{kondo1955non,
  title={Non-Riemannian geometry of imperfect crystals from a macroscopic viewpoint},
  author={Kondo, K},
  journal={Memoirs of the unifying study of the basic problems in engineering science by means of geometry},
  volume={1},
  pages={6--17},
  year={1955},
  publisher={Division DI, Gakujutsu Bunken Fukyo-Kai}
}