@article{nielsen2021variational,
  title={{On a Variational Definition for the Jensen-Shannon Symmetrization of Distances Based on the Information Radius}},
  author={Nielsen, Frank},
  journal={Entropy},
  volume={23},
  number={4},
  pages={464},
  year={2021},
  publisher={Multidisciplinary Digital Publishing Institute}
}

@inproceedings{nielsen2010entropies,
  title={Entropies and cross-entropies of exponential families},
  author={Nielsen, Frank and Nock, Richard},
  booktitle={2010 IEEE International Conference on Image Processing},
  pages={3621--3624},
  year={2010},
  organization={IEEE}
}


@article{banerjee2005clustering,
  title={{Clustering with Bregman divergences}},
  author={Banerjee, Arindam and Merugu, Srujana and Dhillon, Inderjit S and Ghosh, Joydeep and Lafferty, John},
  journal={Journal of machine learning research},
  volume={6},
  number={10},
  year={2005}
}
