@article{Klee-1977,
  title={Can the Measure of $\cup_{i=1}^n [a_i, b_i]$ be Computed in Less Than $O(n log n)$ Steps?},
  author={Klee, Victor},
  journal={American Mathematical Monthly},
  pages={284--285},
  year={1977} 
}

@inproceedings{ChanKlee-2013,
  title={Klee's measure problem made easy},
  author={Chan, Timothy M},
  booktitle={Foundations of Computer Science (FOCS), 2013 IEEE 54th Annual Symposium on},
  pages={410--419},
  year={2013},
  organization={IEEE}
}

@inproceedings{BringmannKlee-2008,
  title={Approximating the volume of unions and intersections of high-dimensional geometric objects},
  author={Bringmann, Karl and Friedrich, Tobias},
  booktitle={International Symposium on Algorithms and Computation},
  pages={436--447},
  year={2008},
  organization={Springer}
}

@article{nielsen-2000,
  title={Fast stabbing of boxes in high dimensions},
  author={Nielsen, Frank},
  journal={Theoretical Computer Science},
  volume={246},
  number={1},
  pages={53--72},
  year={2000},
  publisher={Elsevier}
}


@article{malandain-2002,
  title={Computing the diameter of a point set},
  author={Malandain, Gr{\'e}goire and Boissonnat, Jean-Daniel},
  journal={International Journal of Computational Geometry \& Applications},
  volume={12},
  number={06},
  pages={489--509},
  year={2002},
  publisher={World Scientific}
}


@article{megiddo-1983,
  title={Linear-time algorithms for linear programming in $R^3$ and related problems},
  author={Megiddo, Nimrod},
  journal={SIAM journal on computing},
  volume={12},
  number={4},
  pages={759--776},
  year={1983},
  publisher={SIAM}
}


@PhDThesis{n-aga-1996,
author = "Frank Nielsen",
title = {Adaptive Computational Geometry (``Algorithmes g{\'e}om{\'e}triques adaptatifs'')},
type = "Th\`{e}se de doctorat en sciences",
school = "Universit\'e de {Nice-Sophia Antipolis}",
address = "France",
year = 1996,
url = "http://www.inria.fr/rrrt/tu-0418.html",
number = "TU-0418"
}


@article{afshani-2017,
  title={Instance-optimal geometric algorithms},
  author={Afshani, Peyman and Barbay, J{\'e}r{\'e}my and Chan, Timothy M},
  journal={Journal of the ACM (JACM)},
  volume={64},
  number={1},
  pages={3},
  year={2017},
  publisher={ACM}
}

@book{PS-1988,
  title={Computational geometry: an introduction},
  author={Preparata, F.P. and Shamos, M.I.},
  isbn={9783540961314},
  series={Texts and monographs in computer science},

  year={1988},
  publisher={Springer-Verlag}
}

