%% This BibTeX bibliography file was created using BibDesk.
%% https://bibdesk.sourceforge.io/

%% Created for 岡村和樹 at 2021-11-22 23:05:21 +0900 


%% Saved with string encoding Unicode (UTF-8) 

@incollection{vsirca2016special,
  title={Special Continuous Probability Distributions},
  author={{\v{S}}irca, Simon},
  booktitle={Probability for Physicists},
  pages={65--91},
  year={2016},
  publisher={Springer}
}

@inproceedings{fahs2014cauchy,
  title={{A Cauchy input achieves the capacity of a Cauchy channel under a logarithmic constraint}},
  author={Fahs, Jihad and Abou-Faycal, Ibrahim},
  booktitle={2014 IEEE International Symposium on Information Theory},
  pages={3077--3081},
  year={2014},
  organization={IEEE}
}

@incollection{welzl1991smallest,
  title={Smallest enclosing disks (balls and ellipsoids)},
  author={Welzl, Emo},
  booktitle={New results and new trends in computer science},
  pages={359--370},
  year={1991},
  publisher={Springer}
}
@article{sousa1992performance,
  title={{Performance of a spread spectrum packet radio network link in a Poisson field of interferers}},
  author={Sousa, Elvino S},
  journal={IEEE Transactions on Information Theory},
  volume={38},
  number={6},
  pages={1743--1754},
  year={1992},
  publisher={IEEE}
}
@inproceedings{merhav2020exact,
  title={Exact Expressions in Source and Channel Coding Problems Using Integral Representations},
  author={Merhav, Neri and Sason, Igal},
  booktitle={2020 IEEE International Symposium on Information Theory (ISIT)},
  pages={2343--2348},
  year={2020},
  organization={IEEE}
}
@article{farvardin1984optimum,
  title={Optimum quantizer performance for a class of non-Gaussian memoryless sources},
  author={Farvardin, Nariman and Modestino, James},
  journal={IEEE Transactions on Information Theory},
  volume={30},
  number={3},
  pages={485--497},
  year={1984},
  publisher={IEEE}
}
@article{deligiannis2017heterogeneous,
  title={Heterogeneous networked data recovery from compressive measurements using a copula prior},
  author={Deligiannis, Nikos and Mota, Joao FC and Zimos, Evangelos and Rodrigues, Miguel RD},
  journal={IEEE Transactions on Communications},
  volume={65},
  number={12},
  pages={5333--5347},
  year={2017},
  publisher={IEEE}
}
@misc{kamaci2008cauchy,
  title={Cauchy-distribution based coding system and method},
  author={Kamaci, Nejat and Altunbasak, Yucel and Mersereau, Russell Manning},
  year={2008},
  month=aug # "~26",
  publisher={Google Patents},
  note={US Patent 7,418,147}
}

@inproceedings{koike2022autovae,
  title={{AutoVAE: Mismatched Variational Autoencoder with Irregular Posterior-Prior Pairing}},
  author={Koike-Akino, Toshiaki and Wang, Ye},
  booktitle={2022 IEEE International Symposium on Information Theory (ISIT)},
  pages={1689--1694},
  year={2022},
  organization={IEEE}
}

@article{valero2017generalization,
  title={Generalization of the de Bruijn Identity to General $\phi$-Entropies and $\phi$-Fisher Informations},
  author={Valero-Toranzo, Irene and Zozor, Steeve and Brossier, Jean-Marc},
  journal={IEEE Transactions on Information Theory},
  volume={64},
  number={10},
  pages={6743--6758},
  year={2017},
  publisher={IEEE}
}

@article{merhav2011optimum,
  title={Optimum estimation via gradients of partition functions and information measures: A statistical-mechanical perspective},
  author={Merhav, Neri},
  journal={IEEE transactions on information theory},
  volume={57},
  number={6},
  pages={3887--3898},
  year={2011},
  publisher={IEEE}
}

@article{cambanis1983simple,
  title={A simple class of asymptotically optimal quantizers},
  author={Cambanis, Stamatis and Gerr, N},
  journal={IEEE Transactions on Information Theory},
  volume={29},
  number={5},
  pages={664--676},
  year={1983},
  publisher={IEEE}
}

@article{miller1972detectors,
  title={{Detectors for discrete-time signals in non-Gaussian noise}},
  author={Miller, J and Thomas, J},
  journal={IEEE Transactions on Information Theory},
  volume={18},
  number={2},
  pages={241--250},
  year={1972},
  publisher={IEEE}
}

@article{nelson2021comments,
  title={{Comments on ``Generalized Box-M{\"u}ller Method for Generating $q$-Gaussian Random Deviates''}},
  author={Nelson, Kenric P and Thistleton, William J},
  journal={IEEE Transactions on Information Theory},
  volume={67},
  number={10},
  pages={6785--6789},
  year={2021},
  publisher={IEEE}
}


@article{tSNE-2008,
  title={{Visualizing data using $t$-SNE}},
  author={Van der Maaten, Laurens and Hinton, Geoffrey},
  journal={Journal of machine learning research},
  volume={9},
  number={11},
  year={2008}
}


@article{tsallis2009introduction,
  title={Introduction to nonextensive statistical mechanics: approaching a complex world},
  author={Tsallis, Constantino},
  journal={Springer},
  volume={1},
  number={1},
  pages={2--1},
  year={2009},
  publisher={Springer}
}

@article{BVD-2010,
  title={{Bregman Voronoi diagrams}},
  author={Boissonnat, Jean-Daniel and Nielsen, Frank and Nock, Richard},
  journal={Discrete \& Computational Geometry},
  volume={44},
  number={2},
  pages={281--307},
  year={2010},
  publisher={Springer}
}

@article{graham1989concrete,
  title={Concrete mathematics: a foundation for computer science},
  author={Graham, Ronald L and Knuth, Donald E and Patashnik, Oren and Liu, Stanley},
  journal={Computers in Physics},
  volume={3},
  number={5},
  pages={106--107},
  year={1989},
  publisher={American Institute of Physics}
}

@book{naudts2011generalised,
	author = {Naudts, Jan},
	publisher = {Springer Science \& Business Media},
	title = {Generalised thermostatistics},
	year = {2011}}

@incollection{EFPoincare-2021,
	author = {Koichi Tojo and Taro Yoshino},
	booktitle = {Geometric Structures of Statistical Physics, Information Geometry, and Learning},
	doi = {10.1007/978-3-030-77957-3_4},
	editor = {Fr\'ed\'eric Barbaresco and Frank Nielsen},
	note = {{PROMS} 361},
	pages = {84--95},
	publisher = {Springer},
	title = {An Exponential Family on the Upper Half Plane and Its Conjugate Prior},
	year = {2021},
	bdsk-url-1 = {https://doi.org/10.1007/978-3-030-77957-3_4}}

@book{csiszar2004information,
	author = {Csisz{\'a}r, Imre and Shields, Paul C},
	publisher = {Now Publishers Inc},
	title = {{Information theory and statistics: A tutorial}},
	year = {2004}}

@article{Eguchi1983,
	author = {Eguchi, Shinto},
	journal = {The Annals of Statistics},
	pages = {793--803},
	publisher = {JSTOR},
	title = {Second order efficiency of minimum contrast estimators in a curved exponential family},
	year = {1983}}

@incollection{filipovic2012two,
	author = {Filipovic, Lado and Selberherr, Siegfried},
	booktitle = {Monte Carlo Methods and Applications},
	pages = {97--104},
	publisher = {De Gruyter},
	title = {{A Two-Dimensional Lorentzian Distribution for an Atomic Force Microscopy Simulator}},
	year = {2012}}

@book{mardia2009directional,
	author = {Mardia, Kanti V and Jupp, Peter E},
	publisher = {John Wiley \& Sons},
	title = {Directional statistics},
	volume = {494},
	year = {2009}}

@book{schreier2010statistical,
	author = {Schreier, Peter J. and Scharf, Louis L.},
	publisher = {Cambridge university press},
	title = {Statistical signal processing of complex-valued data: The theory of improper and noncircular signals},
	year = {2010}}

@article{press1972multivariate,
	author = {Press, S James},
	journal = {Journal of Multivariate Analysis},
	number = {4},
	pages = {444--462},
	publisher = {Elsevier},
	title = {Multivariate stable distributions},
	volume = {2},
	year = {1972}}

@article{MLE-WrappedCauchy-1988,
	author = {Kent, John T. and Tyler, David E.},
	journal = {Journal of Applied Statistics},
	number = {2},
	pages = {247--254},
	publisher = {Taylor \& Francis},
	title = {{Maximum likelihood estimation for the wrapped Cauchy distribution}},
	volume = {15},
	year = {1988}}

@techreport{bian1991properties,
	author = {Bian, Guorui and Dickey, James M},
	institution = {University of Minnesota},
	title = {Properties of multivariate Cauchy and poly-Cauchy distributions with Bayesian g-prior applications},
	year = {1991}}

@book{kass2011geometrical,
	author = {Kass, Robert E and Vos, Paul W},
	publisher = {John Wiley \& Sons},
	title = {Geometrical foundations of asymptotic inference},
	volume = {908},
	year = {2011}}

@article{ungar1994holomorphic,
	author = {Ungar, Abraham A},
	journal = {Aequationes mathematicae},
	number = {2-3},
	pages = {240--254},
	publisher = {Springer},
	title = {The holomorphic automorphism group of the complex disk},
	volume = {47},
	year = {1994}}

@article{dLocationCauchyGroup-1987,
	author = {Dunau, Jean-Louis and Senateur, Henri},
	journal = {Journal of multivariate analysis},
	number = {1},
	pages = {74--78},
	publisher = {Elsevier},
	title = {{An elementary proof of the Knight-Meyer characterization of the Cauchy distribution}},
	volume = {22},
	year = {1987}}

@article{kato2013extended,
	author = {Kato, Shogo and Jones, MC and others},
	journal = {Bernoulli},
	number = {1},
	pages = {154--171},
	publisher = {Bernoulli Society for Mathematical Statistics and Probability},
	title = {{An extended family of circular distributions related to wrapped Cauchy distributions via Brownian motion}},
	volume = {19},
	year = {2013}}

@article{akaoka2022bahadur,
	author = {Akaoka, Yuichi and Okamura, Kazuki and Otobe, Yoshiki},
	journal = {Annals of the Institute of Statistical Mathematics},
	title = {Bahadur efficiency of the maximum likelihood estimator and one-step estimator for quasi-arithmetic means of the Cauchy distribution},
	VOLUME = {74},
    YEAR = {2022},
    NUMBER = {5},
     PAGES = {895--923},}

@article{mccullagh1996mobius,
	author = {McCullagh, Peter},
	journal = {Annals of statistics},
	number = {2},
	pages = {787--808},
	publisher = {Institute of Mathematical Statistics},
	title = {{M{\"o}bius transformation and Cauchy parameter estimation}},
	volume = {24},
	year = {1996}}

@book{pewsey2013circular,
	author = {Pewsey, Arthur and Neuh{\"a}user, Markus and Ruxton, Graeme D},
	publisher = {Oxford University Press},
	title = {{Circular statistics in R}},
	year = {2013}}

@article{mardia2020families,
	author = {Mardia, Kanti V and Sriram, Karthik},
	journal = {arXiv preprint arXiv:2009.05437},
	title = {Families of discrete circular distributions with some novel applications},
	year = {2020}}

@article{mccullagh1992conditional,
	author = {McCullagh, Peter},
	journal = {Biometrika},
	number = {2},
	pages = {247--259},
	publisher = {Oxford University Press},
	title = {{Conditional inference and Cauchy models}},
	volume = {79},
	year = {1992}}

@book{olive2014statistical,
	author = {Olive, David J},
	publisher = {Springer},
	title = {Statistical theory and inference},
	year = {2014}}

@book{olkin2007life,
	author = {Albert W. Marshall and Olkin, Ingram},
	publisher = {Springer},
	title = {{Life Distributions: Structure of Nonparametric, Semiparametric, and Parametric Families}},
	year = {2007}}

@article{liese2006divergences,
	author = {Liese, Friedrich and Vajda, Igor},
	journal = {IEEE Transactions on Information Theory},
	number = {10},
	pages = {4394--4412},
	publisher = {IEEE},
	title = {On divergences and informations in statistics and information theory},
	volume = {52},
	year = {2006}}

@article{nielsen2019power,
	author = {Nielsen, Frank and Hadjeres, Ga{\"e}tan},
	journal = {arXiv preprint arXiv:1903.05818},
	title = {On power chi expansions of $f$-divergences},
	year = {2019}}

@article{dragomir2010refinement,
	author = {Dragomir, Sever S and others},
	journal = {Taiwanese Journal of Mathematics},
	number = {1},
	pages = {153--164},
	publisher = {The Mathematical Society of the Republic of China},
	title = {{A refinement of Jensen's inequality with applications for $f$-divergence measures}},
	volume = {14},
	year = {2010}}

@article{HM-2007,
	author = {Jain, KC and Srivastava, Amit},
	journal = {Journal of Applied Mathematics, Statistics and Informatics (JAMSI)},
	number = {1},
	pages = {85--102},
	title = {{On symmetric information divergence measures of Csiszar's $f$-divergence class}},
	volume = {3},
	year = {2007}}

@article{Eguchi1992,
	author = {Eguchi, Shinto},
	journal = {Hiroshima Mathematical Journal},
	number = {3},
	pages = {631--647},
	title = {Geometry of minimum contrast},
	volume = {22},
	year = {1992}}

@article{Schoenberg1938,
	author = {Schoenberg, I. J.},
	journal = {Transactions of the American Mathematical Society},
	number = {3},
	pages = {522--536},
	title = {Metric spaces and positive definite functions},
	volume = {44},
	year = {1938}}

@book{KobayashiNomizu,
	author = {Kobayashi, Shoshichi and Nomizu, Katsumi},
	date-added = {2021-05-06 20:32:01 +0900},
	date-modified = {2021-05-06 20:34:28 +0900},
	publisher = {Interscience Publishers John Wiley \& Sons, Inc., New York-London-Sydney},
	series = {Interscience Tracts in Pure and Applied Mathematics, No. 15 Vol. II},
	title = {Foundations of differential geometry. {V}ol. {II}},
	year = {1969}}

@article{goto2018maps,
	author = {Goto, Shin-itiro and Umeno, Ken},
	journal = {Journal of Mathematical Physics},
	number = {3},
	pages = {032701},
	publisher = {AIP Publishing LLC},
	title = {Maps on statistical manifolds exactly reduced from the Perron-Frobenius equations for solvable chaotic maps},
	volume = {59},
	year = {2018}}

@book{Petersen2006,
	author = {Petersen, Peter},
	edition = {Second},
	publisher = {Springer, New York},
	series = {Graduate Texts in Mathematics},
	title = {Riemannian geometry},
	volume = {171},
	year = {2006}}

@article{KLls-2019,
	author = {Frank Nielsen},
	journal = {CoRR},
	title = {On the {K}ullback-{L}eibler divergence between location-scale densities},
	url = {http://arxiv.org/abs/1904.10428},
	volume = {abs/1904.10428},
	year = {2019},
	bdsk-url-1 = {http://arxiv.org/abs/1904.10428}}

@article{ChebyshevAlphaDiv-2020,
	author = {Candan, {\c{C}}agatay},
	journal = {IEEE Signal Processing Letters},
	pages = {1515--1519},
	publisher = {IEEE},
	title = {Chebyshev Center Computation on Probability Simplex With $\alpha$-Divergence Measure},
	volume = {27},
	year = {2020}}

@book{gradshteyn2014table,
	author = {Gradshteyn, Izrail Solomonovich and Ryzhik, Iosif Moiseevich},
	edition = {8th updated and revised ed.},
	publisher = {Academic press},
	title = {Table of integrals, series, and products},
	year = {2015}
	}



@inproceedings{Pinsker-2009,
	author = {Mark D. Reid and Robert C. Williamson},
	booktitle = {Conference on Learning Theory},
	title = {{Generalised Pinsker Inequalities}},
	year = {2009}}

@article{KumarChhina-2005,
	author = {Kumar, Pranesh and Chhina, S},
	journal = {Computers \& Mathematics with applications},
	number = {4},
	pages = {575--588},
	publisher = {Elsevier},
	title = {{A symmetric information divergence measure of the Csisz{\'a}r's $f$-divergence class and its bounds}},
	volume = {49},
	year = {2005}}

@incollection{Taneja-1995,
	author = {Taneja, Inder Jeet},
	booktitle = {Advances in Imaging and Electron Physics},
	pages = {37--135},
	publisher = {Elsevier},
	title = {New developments in generalized information measures},
	volume = {91},
	year = {1995}}

@article{Hickey-2022,
author = {Hickey, Jimmy and Williams, Jonathan P. and Hector, Emily C.},
journal = {arXiv preprint arXiv:2211.16557},
title = {Transfer {L}earning with {U}ncertainty {Q}uantification: Random {E}ffect {C}alibration of {S}ource to {T}arget ({RE}Ca{ST})},
year = {2022},
}

@article{symJS-2010,
	author = {Nielsen, Frank},
	journal = {arXiv preprint arXiv:1009.4004},
	title = {{A family of statistical symmetric divergences based on Jensen's inequality}},
	year = {2010}}

@inproceedings{wmixture-2018,
	author = {Nielsen, Frank and Nock, Richard},
	booktitle = {2018 IEEE International Conference on Acoustics, Speech and Signal Processing (ICASSP)},
	organization = {IEEE},
	pages = {2861--2865},
	title = {On the geometry of mixtures of prescribed distributions},
	year = {2018}}

@incollection{Vincze-1981,
	author = {Vincze, Istv{\'a}n},
	booktitle = {Contributions to Probability},
	pages = {207--214},
	publisher = {Elsevier},
	title = {On the concept and measure of information contained in an observation},
	year = {1981}}

@article{mixtures-2016,
	author = {Nielsen, Frank and Sun, Ke},
	journal = {Entropy},
	number = {12},
	pages = {442},
	publisher = {Multidisciplinary Digital Publishing Institute},
	title = {Guaranteed bounds on information-theoretic measures of univariate mixtures using piecewise log-sum-exp inequalities},
	volume = {18},
	year = {2016}}

@article{JS-1991,
	author = {Lin, Jianhua},
	journal = {IEEE Transactions on Information theory},
	number = {1},
	pages = {145--151},
	publisher = {IEEE},
	title = {{Divergence measures based on the Shannon entropy}},
	volume = {37},
	year = {1991}}

@article{Sibson-1969,
	author = {Sibson, Robin},
	journal = {Zeitschrift f{\"u}r Wahrscheinlichkeitstheorie und verwandte Gebiete},
	number = {2},
	pages = {149--160},
	publisher = {Springer},
	title = {Information radius},
	volume = {14},
	year = {1969}}

@article{SymbolicRegression-2021,
	author = {de Franca, Fabricio Olivetti and de Lima, Maira Zabuscha},
	journal = {Neurocomputing},
	pages = {609--619},
	publisher = {Elsevier},
	title = {Interaction-transformation symbolic regression with extreme learning machine},
	volume = {423},
	year = {2021}}

@incollection{SymbolicRegression-2002,
	author = {Billard, Lynne and Diday, Edwin},
	booktitle = {Classification, Clustering, and Data Analysis},
	pages = {281--288},
	publisher = {Springer},
	title = {Symbolic regression analysis},
	year = {2002}}

@book{PolynomialRegression-1996,
	author = {Fan, Jianqing and Gijbels, Irene},
	publisher = {CRC Press},
	title = {Local polynomial modelling and its applications},
	volume = {66},
	year = {1996}}

@article{Chernoff-2013,
	author = {Nielsen, Frank},
	journal = {IEEE Signal Processing Letters},
	number = {3},
	pages = {269--272},
	publisher = {IEEE},
	title = {{An information-geometric characterization of Chernoff information}},
	volume = {20},
	year = {2013}}

@article{Chernoff-2011,
	author = {Nielsen, Frank},
	journal = {arXiv preprint arXiv:1102.2684},
	title = {Chernoff information of exponential families},
	year = {2011}}

@article{PosPolynomial-2000,
	author = {Powers, Victoria and Reznick, Bruce},
	journal = {Transactions of the American Mathematical Society},
	number = {10},
	pages = {4677--4692},
	title = {Polynomials that are positive on an interval},
	volume = {352},
	year = {2000}}

@article{PosPolynomial-2019,
	author = {Campos-Pinto, Martin and Charles, Fr{\'e}d{\'e}rique and Despr{\'e}s, Bruno},
	journal = {SIAM Journal on Numerical Analysis},
	number = {1},
	pages = {148--172},
	publisher = {SIAM},
	title = {Algorithms for positive polynomial approximation},
	volume = {57},
	year = {2019}}

@article{Salamin,
	author = {Eugene {Salamin}},
	journal = {{Mathematics of Computation}},
	pages = {565--570},
	publisher = {American Mathematical Society (AMS), Providence, RI},
	title = {{Computation of \(\pi\) using arithmetic-geometric mean}},
	volume = {30},
	year = {1976}}

@article{AVV,
	author = {Anderson, Glen D. and Vamanamurthy, Mavina Krishna and Vuorinen, Matti},
	journal = {SIAM journal on mathematical analysis},
	number = {2},
	pages = {512--524},
	publisher = {SIAM},
	title = {Functional inequalities for hypergeometric functions and complete elliptic integrals},
	volume = {23},
	year = {1992}}

@article{YQCZ,
	author = {Zhen-Hang {Yang} and Wei-Mao {Qian} and Yu-Ming {Chu} and Wen {Zhang}},
	journal = {{Journal of Mathematical Analysis and Applications}},
	number = {2},
	pages = {1714--1726},
	publisher = {Elsevier, San Diego, CA},
	title = {{On approximating the arithmetic-geometric mean and complete elliptic integral of the first kind}},
	volume = {462},
	year = {2018}}

@article{KMY,
	author = {Satoshi {Kosugi} and Yoshihisa {Morita} and Shoji {Yotsutani}},
	journal = {{Discrete and Continuous Dynamical Systems}},
	number = {4},
	pages = {609--629},
	publisher = {American Institute of Mathematical Sciences (AIMS), Springfield, MO},
	title = {{Stationary solutions to the one-dimensional Cahn-Hilliad equations: Proof by the complete elliptic integrals}},
	volume = {19},
	year = {2007}}

@article{Noda-2011,
	author = {Noda, Tomonori},
	journal = {Journal of the Australian Mathematical Society},
	number = {3},
	pages = {371--384},
	publisher = {Cambridge University Press},
	title = {Symplectic structures on statistical manifolds},
	volume = {90},
	year = {2011}}

@book{PositivePolynomial-2008,
	author = {Marshall, Murray},
	note = {Volume 146},
	publisher = {American Mathematical Soc.},
	title = {Positive polynomials and sums of squares},
	year = {2008}}

@book{le2012asymptotic,
	author = {Le Cam, Lucien},
	publisher = {Springer Science \& Business Media},
	title = {Asymptotic methods in statistical decision theory},
	year = {2012}}

@article{KnightCauchy-1976,
	author = {Knight, Frank B},
	journal = {Proceedings of the American Mathematical Society},
	number = {1},
	pages = {130--135},
	title = {{A characterization of the Cauchy type}},
	volume = {55},
	year = {1976}}

@article{CauchyLetac-1977,
	author = {Letac, G{\'e}rard},
	journal = {Proceedings of the American Mathematical Society},
	number = {2},
	pages = {277--286},
	title = {Which functions preserve {C}auchy laws?},
	volume = {67},
	year = {1977}}

@article{cao2014statistical,
	author = {Cao, Limei and Li, Didong and Zhang, Erchuan and Zhang, Zhenning and Sun, Huafei},
	journal = {Advances in Mathematical Physics},
	publisher = {Hindawi},
	title = {A statistical cohomogeneity one metric on the upper plane with constant negative curvature},
	year = {2014}}

@inproceedings{acharyya2013bregman,
	author = {Acharyya, Sreangsu and Banerjee, Arindam and Boley, Daniel},
	booktitle = {Proceedings of the 2013 SIAM International Conference on Data Mining},
	organization = {SIAM},
	pages = {476--484},
	title = {Bregman divergences and triangle inequality},
	year = {2013}}

@inproceedings{tJ-2015,
	author = {Nielsen, Frank and Nock, Richard},
	booktitle = {2015 IEEE International Conference on Acoustics, Speech and Signal Processing (ICASSP)},
	organization = {IEEE},
	pages = {2016--2020},
	title = {{Total Jensen divergences: definition, properties and clustering}},
	year = {2015}}

@article{nielsen2011burbea,
	author = {Nielsen, Frank and Boltz, Sylvain},
	journal = {IEEE Transactions on Information Theory},
	number = {8},
	pages = {5455--5466},
	publisher = {IEEE},
	title = {{The Burbea-Rao and Bhattacharyya centroids}},
	volume = {57},
	year = {2011}}

@techreport{fdivCauchy-2021,
	author = {Frank Nielsen and Kazuki Okamura},
	institution = {arXiv},
	title = {{On $f$-divergences between Cauchy distributions}},
	year = {2021}}

@article{Simon-2020,
	author = {Thomas Simon},
	journal = {personal communication},
	title = {ON THE RELATIVE ENTROPY BETWEEN TWO CAUCHY DISTRIBUTIONS},
	year = {2020}}

@book{Kesavan-2019,
	author = {Kesavan, Srinivasan},
	publisher = {Springer},
	title = {Measure and Integration},
	year = {2019}}

@article{nock2015conformal,
	author = {Nock, Richard and Nielsen, Frank and Amari, Shun-ichi},
	journal = {IEEE Transactions on Information Theory},
	number = {1},
	pages = {527--538},
	publisher = {IEEE},
	title = {On conformal divergences and their population minimizers},
	volume = {62},
	year = {2015}}

@book{Eaton-1989,
	author = {Eaton, Morris L},
	booktitle = {Regional conference series in Probability and Statistics},
	pages = {i--133},
	publisher = {Institute of Mathematical Statistics Hayward, California},
	title = {Group invariance applications in statistics},
	year = {1989}}

@article{Kafka-1991,
	author = {Kafka, Peter and {\"O}sterreicher, Ferdinand and Vincze, Istv\'an},
	journal = {Studia Sci. Math. Hungar},
	number = {4},
	pages = {415--422},
	title = {On powers of $f$-divergences defining a distance},
	volume = {26},
	year = {1991}}

@inproceedings{fuglede2004jensen,
	author = {Fuglede, Bent and Topsoe, Flemming},
	booktitle = {International Symposium onInformation Theory, 2004. ISIT 2004. Proceedings.},
	organization = {IEEE},
	pages = {31},
	title = {{Jensen-Shannon divergence and Hilbert space embedding}},
	year = {2004}}

@article{OsterreicherVajda-2003,
	author = {{\"O}sterreicher, Ferdinand and Vajda, Igor},
	journal = {Annals of the Institute of Statistical Mathematics},
	number = {3},
	pages = {639--653},
	publisher = {Springer},
	title = {A new class of metric divergences on probability spaces and its applicability in statistics},
	volume = {55},
	year = {2003}}

@article{Vajda-MetricDivergence-2009,
	author = {Vajda, Igor},
	journal = {Kybernetika},
	number = {6},
	pages = {885--900},
	publisher = {Institute of Information Theory and Automation AS CR},
	title = {On metric divergences of probability measures},
	volume = {45},
	year = {2009}}

@book{needham1998visual,
	author = {Needham, Tristan},
	publisher = {Oxford University Press},
	title = {Visual complex analysis},
	year = {1998}}

@article{fdivchi-2013,
	author = {Nielsen, Frank and Nock, Richard},
	journal = {IEEE Signal Processing Letters},
	number = {1},
	pages = {10--13},
	publisher = {IEEE},
	title = {On the chi square and higher-order chi distances for approximating $f$-divergences},
	volume = {21},
	year = {2013}}

@techreport{infproj-2021,
	author = {Frank Nielsen},
	institution = {arXiv},
	note = {2101.03839},
	title = {On information projections between multivariate elliptical and location-scale families},
	year = {2021}}

@article{bhattacharyya1943measure,
	author = {Bhattacharyya, Anil},
	journal = {Bull. Calcutta Math. Soc.},
	pages = {99--109},
	title = {On a measure of divergence between two statistical populations defined by their probability distributions},
	volume = {35},
	year = {1943}}

@article{okamura2020equivalence,
	author = {Okamura, Kazuki},
	journal = {Statistics \& Probability Letters},
	number = {108797},
	pages = {1--5},
	publisher = {Elsevier},
	title = {{An equivalence criterion for infinite products of Cauchy measures}},
	volume = {163},
	year = {2020}}

@article{KLCauchy-2019,
	author = {Chyzak, Fr{\'e}d{\'e}ric and Nielsen, Frank},
	journal = {arXiv preprint arXiv:1905.10965},
	title = {{A closed-form formula for the Kullback-Leibler divergence between Cauchy distributions}},
	year = {2019}}

@incollection{tanaya2012notes,
	author = {Tanaya, Daiki and Tanaka, Masaru and Matsuzoe, Hiroshi},
	booktitle = {Recent Progress in Differential Geometry and Its Related Fields},
	pages = {137--149},
	publisher = {World Scientific},
	title = {Notes on geometry of q-normal distributions},
	year = {2012}}

@article{Oller-1987,
	author = {Oller, Jose M},
	journal = {Sankhy{\=a}: The Indian Journal of Statistics, Series A},
	pages = {17--23},
	publisher = {JSTOR},
	title = {Information metric for extreme value and logistic probability distributions},
	year = {1987}}

@article{Shi-1995,
	author = {Shi, Daoji},
	journal = {Acta Mathematicae Applicatae Sinica},
	number = {4},
	pages = {421--428},
	publisher = {Springer},
	title = {{Multivariate extreme value distribution and its Fisher information matrix}},
	volume = {11},
	year = {1995}}

@article{RaoDistance-1981,
	author = {Atkinson, Colin and Mitchell, Ann FS},
	journal = {Sankhy{\=a}: The Indian Journal of Statistics, Series A},
	pages = {345--365},
	title = {Rao's distance measure},
	year = {1981}}

@incollection{Hilbert-2019,
	author = {Nielsen, Frank and Sun, Ke},
	booktitle = {Geometric Structures of Information},
	pages = {297--331},
	publisher = {Springer},
	title = {{Clustering in Hilbert's projective geometry: The case studies of the probability simplex and the elliptope of correlation matrices}},
	year = {2019}}

@inproceedings{CayleyKlein-2016,
	author = {Nielsen, Frank and Muzellec, Boris and Nock, Richard},
	booktitle = {2016 IEEE International Conference on Image Processing (ICIP)},
	organization = {IEEE},
	pages = {241--245},
	title = {{Classification with mixtures of curved Mahalanobis metrics}},
	year = {2016}}

@inproceedings{HVD-2010,
	author = {Nielsen, Frank and Nock, Richard},
	booktitle = {2010 International Conference on Computational Science and Its Applications},
	organization = {IEEE},
	pages = {74--80},
	title = {{Hyperbolic Voronoi diagrams made easy}},
	year = {2010}}

@article{Hotelling-1930,
	author = {Hotelling, Harold},
	journal = {Bull. Amer. Math. Soc},
	pages = {191},
	title = {Spaces of statistical parameters},
	volume = {36},
	year = {1930}}

@article{chen2015finding,
	author = {Chen, William WS},
	journal = {Applied Mathematics},
	number = {12},
	pages = {2169},
	publisher = {Scientific Research Publishing},
	title = {On Finding Geodesic Equation of Two Parameters Logistic Distribution},
	volume = {6},
	year = {2015}}

@article{komaki-2007,
	author = {Komaki, Fumiyasu},
	journal = {Annals of the Institute of Statistical Mathematics},
	number = {1},
	pages = {135--146},
	publisher = {Springer},
	title = {Bayesian prediction based on a class of shrinkage priors for location-scale models},
	volume = {59},
	year = {2007}}

@article{fdiv-AliSilvey-1966,
	author = {Ali, Syed Mumtaz and Silvey, Samuel D},
	journal = {Journal of the Royal Statistical Society: Series B (Methodological)},
	nfnote = {For MVNs with same covar, the $f$-divergences are increasing function of the squared Mahalanobis distance},
	number = {1},
	pages = {131--142},
	publisher = {Wiley Online Library},
	title = {A general class of coefficients of divergence of one distribution from another},
	volume = {28},
	year = {1966}}

@book{KassVos-2011,
	author = {Kass, Robert E and Vos, Paul W},
	publisher = {John Wiley \& Sons},
	title = {Geometrical foundations of asymptotic inference},
	volume = {908},
	year = {2011}}

@article{HVD-2012,
	author = {Nielsen, Frank and Nock, Richard},
	journal = {arXiv preprint arXiv:1210.8234},
	title = {{The hyperbolic Voronoi diagram in arbitrary dimension}},
	year = {2012}}

@book{LogNormal-1987,
	author = {Crow, Edwin L and Shimizu, Kunio},
	publisher = {Marcel Dekker New York},
	title = {Lognormal distributions},
	year = {1987}}

@article{Renyi-2013,
	author = {Gil, Manuel and Alajaji, Fady and Linder, Tamas},
	journal = {Information Sciences},
	pages = {124--131},
	publisher = {Elsevier},
	title = {R{\'e}nyi divergence measures for commonly used univariate continuous distributions},
	volume = {249},
	year = {2013}}

@article{McCullagh1993,
	author = {McCullagh, Peter},
	journal = {Proceedings of the Royal Society of London. Series A: Mathematical and Physical Sciences},
	number = {1909},
	pages = {475--479},
	publisher = {The Royal Society London},
	title = {On the distribution of the {C}auchy maximum-likelihood estimator},
	volume = {440},
	year = {1993}}

@article{WeibullIG-2008,
	author = {Cao, Limei and Sun, Huafei and Wang, Xiaojie},
	journal = {Tamkang Journal of Mathematics},
	number = {1},
	pages = {45--51},
	title = {The geometric structures of the {W}eibull distribution manifold and the generalized exponential distribution manifold},
	volume = {39},
	year = {2008}}

@article{KLWeibull-2013,
	author = {Bauckhage, Christian},
	journal = {arXiv preprint arXiv:1310.3713},
	title = {{Computing the Kullback-Leibler Divergence between two Weibull Distributions}},
	year = {2013}}

@article{Skovgaard-1984,
	author = {Skovgaard, Lene Theil},
	journal = {Scandinavian journal of statistics},
	pages = {211--223},
	publisher = {JSTOR},
	title = {A {R}iemannian geometry of the multivariate normal model},
	year = {1984}}

@inproceedings{SIMBAD-2013,
	author = {Nielsen, Frank},
	booktitle = {International Workshop on Similarity-Based Pattern Recognition},
	organization = {Springer},
	pages = {1--25},
	title = {Pattern learning and recognition on statistical manifolds: an information-geometric review},
	year = {2013}}

@article{EIG-2020,
	author = {Nielsen, Frank},
	journal = {Entropy},
	number = {10},
	pages = {1100},
	publisher = {Multidisciplinary Digital Publishing Institute},
	title = {An elementary introduction to information geometry},
	volume = {22},
	year = {2020}}

@article{Csiszar-2003,
	author = {Csisz{\'a}r, Imre and Matus, Frantisek},
	journal = {IEEE Transactions on Information Theory},
	number = {6},
	pages = {1474--1490},
	publisher = {IEEE},
	title = {Information projections revisited},
	volume = {49},
	year = {2003}}

@article{wand1991transformations,
	author = {Wand, Matthew P and Marron, James Stephen and Ruppert, David},
	journal = {Journal of the American Statistical Association},
	number = {414},
	pages = {343--353},
	publisher = {Taylor \& Francis},
	title = {Transformations in density estimation},
	volume = {86},
	year = {1991}}

@article{fdivdiffeo-2010,
	author = {Qiao, Yu and Minematsu, Nobuaki},
	journal = {IEEE Transactions on Signal Processing},
	number = {7},
	pages = {3884--3890},
	publisher = {IEEE},
	title = {A study on invariance of $f$-divergence and its application to speech recognition},
	volume = {58},
	year = {2010}}

@article{EF-2009,
	author = {Nielsen, Frank and Garcia, Vincent},
	journal = {arXiv preprint arXiv:0911.4863},
	title = {{Statistical exponential families: A digest with flash cards}},
	year = {2009}}

@article{DensityMfd-1988,
	author = {Lafferty, John D},
	journal = {Transactions of the American Mathematical Society},
	number = {2},
	pages = {699--741},
	title = {The density manifold and configuration space quantization},
	volume = {305},
	year = {1988}}

@article{BD-1967,
	author = {Bregman, Lev M},
	journal = {USSR computational mathematics and mathematical physics},
	number = {3},
	pages = {200--217},
	publisher = {Elsevier},
	title = {The relaxation method of finding the common point of convex sets and its application to the solution of problems in convex programming},
	volume = {7},
	year = {1967}}

@article{locationscaleMfdMitchell-1988,
	author = {Mitchell, Ann F. S.},
	journal = {International Statistical Review/Revue Internationale de Statistique},
	pages = {1--16},
	title = {Statistical manifolds of univariate elliptic distributions},
	year = {1988}}

@article{Mitchell-1989,
	author = {Mitchell, Ann ES},
	journal = {Annals of the Institute of Statistical Mathematics},
	number = {2},
	pages = {289--304},
	publisher = {Springer},
	title = {The information matrix, skewness tensor and $\alpha$-connections for the general multivariate elliptic distribution},
	volume = {41},
	year = {1989}}

@incollection{Ohara-2014,
	author = {Ohara, Atsumi and Eguchi, Shinto},
	booktitle = {Geometric Theory of Information},
	pages = {31--55},
	publisher = {Springer},
	title = {{Geometry on positive definite matrices deformed by $V$-potentials and its submanifold structure}},
	year = {2014}}
	
	@book{bronstein2005symbolic,
  title={{Symbolic integration I: transcendental functions}},
  author={Bronstein, Manuel},
  volume={1},
  year={2005},
  publisher={Springer Science \& Business Media}
}

 @article{bronstein1990integration,
  title={Integration of elementary functions},
  author={Bronstein, Manuel},
  journal={Journal of Symbolic Computation},
  volume={9},
  number={2},
  pages={117--173},
  year={1990},
  publisher={Elsevier}
}
 @article{risch1969problem,
  title={The problem of integration in finite terms},
  author={Risch, Robert H},
  journal={Transactions of the American Mathematical Society},
  volume={139},
  pages={167--189},
  year={1969},
  publisher={JSTOR}
}

@book{StatTransfModel-2012,
	author = {Barndorff-Nielsen, Ole E and Bl{\ae}sild, Preben and Eriksen, Poul S},
	publisher = {Springer Science \& Business Media},
	title = {Decomposition and invariance of measures, and statistical transformation models},
	volume = {58},
	year = {2012}}

@incollection{WarpedRieMetricsLS-2019,
	author = {Said, Salem and Bombrun, Lionel and Berthoumieu, Yannick},
	booktitle = {Geometric Structures of Information},
	pages = {251--296},
	publisher = {Springer},
	title = {{Warped Riemannian metrics for location-scale models}},
	year = {2019}}

@article{NIG-1995,
	author = {Pistone, Giovanni and Sempi, Carlo and others},
	journal = {The annals of statistics},
	number = {5},
	pages = {1543--1561},
	publisher = {Institute of Mathematical Statistics},
	title = {An infinite-dimensional geometric structure on the space of all the probability measures equivalent to a given one},
	volume = {23},
	year = {1995}}

@book{MC-2013,
	author = {Robert, Christian and Casella, George},
	publisher = {Springer Science \& Business Media},
	title = {{Monte Carlo statistical methods}},
	year = {2013}}

@article{NIG-2013,
	author = {Zhang, Jun},
	journal = {Entropy},
	number = {12},
	pages = {5384--5418},
	publisher = {Multidisciplinary Digital Publishing Institute},
	title = {Nonparametric information geometry: From divergence function to referential-representational biduality on statistical manifolds},
	volume = {15},
	year = {2013}}

@article{Iprojection-1984,
	author = {Csisz{\'a}r, Imre},
	journal = {The Annals of Probability},
	pages = {768--79f3},
	title = {{Sanov property, generalized $I$-projection and a conditional limit theorem}},
	year = {1984}}

@article{InfoProj-1975,
	author = {Csisz{\'a}r, Imre},
	journal = {The annals of probability},
	pages = {146--158},
	publisher = {JSTOR},
	title = {{$I$-divergence geometry of probability distributions and minimization problems}},
	year = {1975}}

@article{InformationProjection-2018,
	author = {Nielsen, Frank},
	journal = {Notices of the AMS},
	number = {3},
	pages = {321--324},
	title = {What is... an information projection?},
	volume = {65},
	year = {2018}}

@article{Csiszar-1967,
	author = {Csisz{\'a}r, Imre},
	journal = {Studia Scientiarum Mathematicarum Hungarica},
	pages = {229--318},
	title = {Information-type measures of difference of probability distributions and indirect observation},
	volume = {2},
	year = {1967}}

@book{EF-2014,
	author = {Barndorff-Nielsen, Ole},
	publisher = {John Wiley \& Sons},
	title = {Information and exponential families},
	year = {2014}}

@book{StatMatrices-2006,
	author = {Kollo, Tonu and von Rosen, Dietrich},
	publisher = {Springer Science \& Business Media},
	title = {Advanced multivariate statistics with matrices},
	volume = {579},
	year = {2006}}

@article{Mitchell-1988,
	author = {Mitchell, Ann FS},
	journal = {International Statistical Review/Revue Internationale de Statistique},
	pages = {1--16},
	publisher = {JSTOR},
	title = {Statistical manifolds of univariate elliptic distributions},
	year = {1988}}

@techreport{nielsen2021f,
	author = {Nielsen, Frank and Okamura, Kazuki},
	date-modified = {2021-11-22 21:21:51 +0900},
	instituation = {arXiv preprint arXiv:2101.12459},
	institution = {arXiv preprint arXiv:2101.12459},
	title = {{On $f$-divergences between Cauchy distributions}},
	year = {2021}}

@article{CauchyVoronoi-2020,
	author = {Nielsen, Frank},
	journal = {Entropy},
	number = {7},
	pages = {713},
	publisher = {Multidisciplinary Digital Publishing Institute},
	title = {On {V}oronoi Diagrams on the Information-Geometric {C}auchy Manifolds},
	volume = {22},
	year = {2020}}

@book{IG-2016,
	author = {Amari, Shun-ichi},
	isbn = {9784431559771},
	publisher = {Springer Japan},
	series = {Applied Mathematical Sciences},
	title = {Information Geometry and Its Applications},
	year = {2016}}

@article{inglot2001asymptotic,
	author = {Inglot, Tadeusz and Ledwina, Teresa},
	journal = {Sankhy{\=a}: The Indian Journal of Statistics, Series A},
	pages = {41--71},
	publisher = {JSTOR},
	title = {Asymptotic optimality of data driven smooth tests for location-scale family},
	year = {2001}}

@article{janic2004data,
	author = {Janic-wr{\'o}blewska, Alicja},
	journal = {Statistics},
	number = {4},
	pages = {337--355},
	publisher = {Taylor \& Francis},
	title = {Data-driven smooth test for a location-scale family},
	volume = {38},
	year = {2004}}

@article{hosang2015makes,
	author = {Hosang, Jan and Benenson, Rodrigo and Doll{\'a}r, Piotr and Schiele, Bernt},
	journal = {IEEE transactions on pattern analysis and machine intelligence},
	number = {4},
	pages = {814--830},
	publisher = {IEEE},
	title = {What makes for effective detection proposals?},
	volume = {38},
	year = {2015}}

@inproceedings{karianakis2016empirical,
	author = {Karianakis, Nikolaos and Dong, Jingming and Soatto, Stefano},
	booktitle = {Proceedings of the IEEE Conference on Computer Vision and Pattern Recognition},
	pages = {4442--4451},
	title = {An empirical evaluation of current convolutional architectures' ability to manage nuisance location and scale variability},
	year = {2016}}

@article{liang2004exact,
	author = {Liang, Feng and Barron, Andrew},
	journal = {IEEE Transactions on Information Theory},
	number = {11},
	pages = {2708--2726},
	publisher = {IEEE},
	title = {Exact minimax strategies for predictive density estimation, data compression, and model selection},
	volume = {50},
	year = {2004}}

@article{Hayashi-2011,
	author = {Hayashi, Masahito},
	journal = {Annals of the Institute of Statistical Mathematics},
	number = {4},
	pages = {689--716},
	publisher = {Springer},
	title = {Large deviation theory for non-regular location shift family},
	volume = {63},
	year = {2011}}

@incollection{NN-2013,
	author = {Nock, Richard and Magdalou, Brice and Briys, Eric and Nielsen, Frank},
	booktitle = {Matrix Information Geometry},
	pages = {373--402},
	publisher = {Springer},
	title = {Mining matrix data with {B}regman matrix divergences for portfolio selection},
	year = {2013}}

@article{Weibull-2008,
	author = {Cao, Limei and Sun, Huafei and Wang, Xiaojie},
	journal = {Tamkang Journal of Mathematics},
	number = {1},
	pages = {45--51},
	title = {{The geometric structures of the Weibull distribution manifold and the generalized exponential distribution manifold}},
	volume = {39},
	year = {2008}}

@inproceedings{MVNClustering-2007,
	author = {Davis, Jason V and Dhillon, Inderjit S},
	booktitle = {Advances in Neural Information Processing Systems},
	pages = {337--344},
	title = {Differential entropic clustering of multivariate {G}aussians},
	year = {2007}}

@article{Lax-2001,
	author = {Lax, Peter D},
	journal = {The American Mathematical Monthly},
	number = {2},
	pages = {115--119},
	publisher = {Taylor \& Francis},
	title = {{Change of variables in multiple integrals II}},
	volume = {108},
	year = {2001}}

@article{lesniewska2019elliptical,
	author = {Lesniewska-Choquet, Charles and Mauris, Gilles and Atto, Abdourrahmane M and Mercier, Gr{\'e}goire},
	journal = {IEEE Transactions on Fuzzy Systems},
	publisher = {IEEE},
	title = {On Elliptical Possibility Distributions},
	year = {2019}}

@inproceedings{ferreira2013inducing,
	author = {Ferreira, D{\'a}rio and Ferreira, Sandra S and Nunes, C{\'e}lia and In{\'a}cio, S{\'o}nia},
	booktitle = {AIP Conference Proceedings},
	number = {1},
	organization = {American Institute of Physics},
	pages = {833--836},
	title = {Inducing pivot variables and non-centrality parameters in elliptical distributions},
	volume = {1558},
	year = {2013}}

@book{kollo2006advanced,
	author = {Kollo, Tonu and von Rosen, Dietrich},
	publisher = {Springer Science \& Business Media},
	title = {Advanced multivariate statistics with matrices},
	volume = {579},
	year = {2006}}

@article{kelker1970distribution,
	author = {Kelker, Douglas},
	journal = {Sankhy{\=a}: The Indian Journal of Statistics, Series A},
	pages = {419--430},
	publisher = {JSTOR},
	title = {Distribution theory of spherical distributions and a location-scale parameter generalization},
	year = {1970}}

@article{contreras2012kullback,
	author = {Contreras-Reyes, Javier E and Arellano-Valle, Reinaldo B},
	journal = {Entropy},
	number = {9},
	pages = {1606--1626},
	publisher = {Molecular Diversity Preservation International},
	title = {Kullback--Leibler divergence measure for multivariate skew-normal distributions},
	volume = {14},
	year = {2012}}

@article{HilbertSiegel-2020,
	author = {Nielsen, Frank},
	journal = {Entropy},
	number = {9},
	pages = {1019},
	publisher = {Multidisciplinary Digital Publishing Institute},
	title = {{The Siegel--Klein Disk: Hilbert Geometry of the Siegel Disk Domain}},
	volume = {22},
	year = {2020}}

@incollection{blaesild1981multivariate,
	author = {Blaesild, Preben and Jensen, J Ledet},
	booktitle = {Statistical distributions in scientific work},
	pages = {45--66},
	publisher = {Springer},
	title = {Multivariate distributions of hyperbolic type},
	year = {1981}}

@article{fernandez1994continuous,
	author = {Fern{\'a}ndez, Carmen and Osiewalski, Jacek and Steel, Mark FJ},
	journal = {Biometrika},
	number = {3},
	pages = {588--594},
	publisher = {Oxford University Press},
	title = {The continuous multivariate location-scale model revisited: A tale of robustness},
	volume = {81},
	year = {1994}}

@inproceedings{HEF-2010,
	author = {Nielsen, Frank and Nock, Richard},
	booktitle = {2010 IEEE International Conference on Image Processing},
	organization = {IEEE},
	pages = {3621--3624},
	title = {Entropies and cross-entropies of exponential families},
	year = {2010}}

@article{KLls-2019,
	author = {Frank Nielsen},
	journal = {CoRR},
	title = {On the {K}ullback-{L}eibler divergence between location-scale densities},
	url = {http://arxiv.org/abs/1904.10428},
	volume = {abs/1904.10428},
	year = {2019},
	bdsk-url-1 = {http://arxiv.org/abs/1904.10428}}

@book{Murray-1993,
	author = {Murray, M. K. and Rice, J. W.},
	publisher = {CRC Press},
	title = {Differential Geometry and Statistics},
	volume = {48},
	year = {1993}}

@book{CT-2012,
	author = {Cover, Thomas M and Thomas, Joy A},
	publisher = {John Wiley \& Sons},
	title = {Elements of information theory},
	year = {2012}}

@book{PrudnikovBrychkovMarichev-1986-IS1,
	author = {A. P. Prudnikov and Yu. A. Brychkov and O. I. Marichev},
	publisher = {Gordon \& Breach, New York},
	title = {Integrals and Series. Vol. 1: Elementary functions},
	year = {1986}}

@book{PrudnikovBrychkovMarichev-1990-IS3,
	author = {Prudnikov, A. P. and Brychkov, Yu. A. and Marichev, O. I.},
	publisher = {Gordon \& Breach, New York},
	title = {Integrals and series. Vol. 3: More special functions},
	year = {1990}}

@book{h-handbook-2013,
	author = {Michalowicz, Joseph Victor and Nichols, Jonathan M and Bucholtz, Frank},
	publisher = {CRC Press},
	title = {Handbook of differential entropy},
	year = {2013}}

@article{JSMeans-2019,
	article-number = {485},
	author = {Nielsen, Frank},
	doi = {10.3390/e21050485},
	issn = {1099-4300},
	journal = {Entropy},
	number = {5},
	title = {On the {J}ensen-{S}hannon Symmetrization of Distances Relying on Abstract Means},
	url = {http://www.mdpi.com/1099-4300/21/5/485},
	volume = {21},
	year = {2019},
	bdsk-url-1 = {http://www.mdpi.com/1099-4300/21/5/485},
	bdsk-url-2 = {https://doi.org/10.3390/e21050485}}

@inproceedings{AdamchikMarichev-1990-ACI,
	author = {Adamchik, V. S. and Marichev, O. I.},
	booktitle = {ISSAC'90},
	location = {Tokyo, Japan},
	pages = {212--224},
	publisher = {ACM, New York},
	title = {The Algorithm for Calculating Integrals of Hypergeometric Type Functions and Its Realization in {REDUCE} System},
	year = {1990}}

@article{AlmkvistZeilberger-1990-MDI,
	author = {Almkvist, Gert and Zeilberger, Doron},
	journal = {Journal of Symbolic Computation},
	number = {6},
	pages = {571--591},
	title = {The method of differentiating under the integral sign},
	volume = {10},
	year = {1990}}

@article{Chyzak-2000-EZF,
	author = {Chyzak, Fr\'ed\'eric},
	journal = {Discrete Mathematics},
	number = {1-3},
	pages = {115--134},
	title = {An extension of {Z}eilberger's fast algorithm to general holonomic functions},
	volume = {217},
	year = {2000}}

@phdthesis{Chyzak-2014-ACT,
	author = {Chyzak, Fr\'ed\'eric},
	month = apr,
	school = {Universit\UTF{00E9} d'Orsay},
	title = {The {ABC} of Creative Telescoping: Algorithms, Bounds, Complexity},
	type = {Memoir of accreditation to supervise research ({HDR})},
	year = {2014}}

@article{Risch-1969-PIF,
	author = {Risch, Robert H.},
	journal = {Transactions of the American Mathematical Society},
	pages = {167--189},
	title = {The problem of integration in finite terms},
	volume = {139},
	year = {1969}}

@article{Villa-2016,
	author = {Villa, Cristiano},
	journal = {arXiv preprint arXiv:1604.01983},
	title = {{A property of the Kullback--Leibler divergence for location-scale models}},
	year = {2016}}

@article{Risch-1970-SPI,
	author = {Risch, Robert H.},
	journal = {Bulletin of the American Mathematical Society},
	pages = {605--608},
	title = {The solution of the problem of integration in finite terms},
	volume = {76},
	year = {1970}}

@article{Faraut-1974,
	author = {Faraut, Jacques and Harzallah, Kh\'{e}lifa},
	journal = {Ann. Inst. Fourier (Grenoble)},
	number = {3},
	pages = {xiv, 171--217},
	title = {Distances hilbertiennes invariantes sur un espace homog\`ene},
	volume = {24},
	year = {1974}}

@article{Faraut-1972,
	author = {Faraut, Jacques and Harzallah, Kh\'{e}lifa},
	journal = {C. R. Acad. Sci. Paris S\'{e}r. A-B},
	pages = {A1396--A1398},
	title = {Fonctions sph\'{e}riques de type positif sur les espaces hyperboliques},
	volume = {274},
	year = {1972}}

@article{Takahashi-1963,
	author = {Takahashi, Reiji},
	issn = {0037-9484},
	journal = {Bull. Soc. Math. France},
	pages = {289--433},
	title = {Sur les repr\'{e}sentations unitaires des groupes de {L}orentz g\'{e}n\'{e}ralis\'{e}s},
	volume = {91},
	year = {1963}}

@article{Helgason-1970,
	author = {Helgason, Sigurdur},
	date-modified = {2021-11-22 23:05:21 +0900},
	journal = {Advances in Math.},
	pages = {1--154},
	title = {A duality for symmetric spaces with applications to group representations},
	volume = {5},
	year = {1970}}

@book{Coornaert1990,
	author = {Michel {Coornaert} and Thomas {Delzant} and Athanase {Papadopoulos}},
	journal = {{Lecture Notes in Mathematics}},
	title = {{G\'eom\'etrie et th\'eorie des groupes. Les groupes hyperboliques de Gromov. (Geometry and group theory. The hyperbolic groups of Gromov)}},
	volume = {1441},
	publisher = {Springer},
	year = {1990}}

@article{Carlson1985,
	author = {B. C. {Carlson} and John L. {Gustafson}},
	journal = {{SIAM Journal on Mathematical Analysis}},
	pages = {1072--1092},
	title = {{Asymptotic expansion of the first elliptic integral}},
	volume = {16},
	year = {1985}}
	
@Article{Sason2016,
 Author = {Igal {Sason} and Sergio {Verd\'u}},
 Title = {{\(f\)-divergence inequalities}},
 Journal = {{IEEE Transactions on Information Theory}},
 Volume = {62},
 Number = {11},
 Pages = {5973--6006},
 Year = {2016},
}

@Article{Collet2019,
 Author = {Jean-Fran\c{c}ois {Collet}},
 Title = {{An exact expression for the gap in the data processing inequality for \(f\)-divergences}},
 Journal = {{IEEE Transactions on Information Theory}},
 Volume = {65},
 Number = {7},
 Pages = {4387--4391},
 Year = {2019},
}

@Article{Liese2006,
 Author = {Friedrich {Liese} and Igor {Vajda}},
 Title = {{On divergences and informations in statistics and information theory.}},
 Journal = {{IEEE Transactions on Information Theory}},
 Volume = {52},
 Number = {10},
 Pages = {4394--4412},
 Year = {2006},
}

@Book{Berg1984,
 Author = {Berg, Christian and Christensen, Jens Peter Reus and Ressel, Paul},
 Title = {Harmonic analysis on semigroups. {Theory} of positive definite and related functions},
 FSeries = {Graduate Texts in Mathematics},
 Volume = {100},
 Year = {1984},
 Publisher = {Springer, Cham},
}



@article{Lloyd-1982,
  title={{Least squares quantization in PCM}},
  author={Lloyd, Stuart},
  journal={IEEE transactions on information theory},
  volume={28},
  number={2},
  pages={129--137},
  year={1982},
  publisher={IEEE}
}

@book{CG-1997,
  author={Berg, Mark de and Kreveld, Marc van and Overmars, Mark and Schwarzkopf, Otfried},
  title={Computational geometry},
  year={1997},
  publisher={Springer}
}

@article{multipleHT-2008,
  title={Asymptotic geometry of multiple hypothesis testing},
  author={Westover, M Brandon},
  journal={IEEE transactions on information theory},
  volume={54},
  number={7},
  pages={3327--3329},
  year={2008},
  publisher={IEEE}
}

@article{multipleChernoff-2016,
  title={{Discriminating quantum states: The multiple Chernoff distance}},
  author={Li, Ke},
  journal={The Annals of Statistics},
  volume={44},
  number={4},
  pages={1661--1679},
  year={2016},
  publisher={Institute of Mathematical Statistics}
}


@inproceedings{VPtree-1993,
  title={Data structures and algorithms for nearest neighbor},
  author={Yianilos, Peter N},
  booktitle={Proceedings of the fourth annual ACM-SIAM Symposium on Discrete algorithms},
  volume={66},
  pages={311},
  year={1993},
  organization={SIAM}
}

@inproceedings{TriangleIneqKMeans-2003,
  title={Using the triangle inequality to accelerate $k$-means},
  author={Elkan, Charles},
  booktitle={Proceedings of the 20th international conference on Machine Learning (ICML-03)},
  pages={147--153},
  year={2003}
}

@Article{Nadarajah2007,
 Author = {Nadarajah, Saralees and Kotz, Samuel},
 Title = {A truncated bivariate {Cauchy} distribution},
 Journal = {Bulletin of the Malaysian Mathematical Sciences Society. Second Series},
 Volume = {30},
 Number = {2},
 Pages = {185--193},
 Year = {2007},
}

@article{Nadarajah2004,
    AUTHOR = {Nadarajah, Saralees and Kotz, Samuel},
     TITLE = {A truncated {$t$} distribution},
JOURNAL = {The Mathematical Scientist},
    VOLUME = {29},
      YEAR = {2004},
    NUMBER = {2},
     PAGES = {122--126},
}
	

@Article{Ateya2013,
 Author = {Ateya, Saieed F. and Madhagi, Elham A.},
 Title = {On multivariate truncated generalized {Cauchy} distribution},
 Journal = {Statistical Papers},
 Volume = {54},
 Number = {3},
 Pages = {879--897},
 Year = {2013},
}

@Article{Aldahlan2020,
AUTHOR = {Aldahlan, Maha A. and Jamal, Farrukh and Chesneau, Christophe and Elgarhy, Mohammed and Elbatal, Ibrahim},
TITLE = {The Truncated {C}auchy Power Family of Distributions with Inference and Applications},
JOURNAL = {Entropy},
VOLUME = {22},
YEAR = {2020},
NUMBER = {3},
pages = {article no. 346},
}


