@article{deepset-2017,
  title={Deep sets},
  author={Zaheer, Manzil and Kottur, Satwik and Ravanbakhsh, Siamak and Poczos, Barnabas and Salakhutdinov, Russ R and Smola, Alexander J},
  journal={Advances in neural information processing systems},
  volume={30},
  year={2017}
}

@article{DeepSetHeron-2025,
  title={A formula for the area of a triangle: Useless, but explicitly in Deep Sets form},
  author={Hainje, Connor and Hogg, David W},
  journal={arXiv preprint arXiv:2503.22786},
  year={2025}
}