@article{uchiyama2020some,
  title={Some results on matrix means},
  author={Uchiyama, Mitsuru},
  journal={Advances in Operator Theory},
  volume={5},
  number={3},
  pages={728--733},
  year={2020},
  publisher={Springer}
}

@article{Kubo1979,
author = {Kubo, Fumio and Ando, Tsuyoshi},
journal = {Mathematische Annalen},
keywords = {operator-monotone functions; operator mean; positive operators},
pages = {205-224},
title = {Means of Positive Linear Operators},
url = {http://eudml.org/doc/163339},
volume = {246},
year = {1979},
}

@article{a40b305d-17cb-3b6a-9960-24b447613506,
 ISSN = {03794024, 18417744},
 URL = {https://www.jstor.org/stable/26502159},
 abstract = {We first develop in the context of complete metric spaces a one-to-one correspondence between the class of means G = {Gn}n≥2 that are symmetric, multiplicative, and contractive and the class of contractive (with respect to the Wasserstein metric) barycentric maps on the space of L¹-probability measures. We apply this equivalence to the recently introduced and studied Karcher mean on the open cone ℙ of positive invertible operators on a Hilbert space equipped with the Thompson metric to obtain a corresponding contractive barycentric map. In this context we derive a version of earlier results of Sturm and Lim and Palfia about approximating the Karcher mean with the more constructive inductive mean. This leads to the conclusion that the Karcher barycenter lies in the strong closure of the convex hull of the support of a probability measure. This fact is a crucial ingredient in deriving a version of Jensen’s inequality, with which we close.},
 author = {JIMMIE D. LAWSON and YONGDO LIM},
 journal = {Journal of Operator Theory},
 number = {1},
 pages = {pp. 87--107},
 publisher = {Theta Foundation},
 title = {CONTRACTIVE BARYCENTRIC MAPS},
 urldate = {2023-08-10},
 volume = {77},
 year = {2017}
}


@article{KIM2015325,
title = {The power mean and the least squares mean of probability measures on the space of positive definite matrices},
journal = {Linear Algebra and its Applications},
volume = {465},
pages = {325-346},
year = {2015},
issn = {0024-3795},
doi = {https://doi.org/10.1016/j.laa.2014.09.042},
url = {https://www.sciencedirect.com/science/article/pii/S0024379514006399},
author = {Sejong Kim and Hosoo Lee},
keywords = {Bochner integral, Compactly supported measure, Power mean, Least squares mean},
abstract = {In this paper we derive properties of the least squares (or Karcher) mean of probability measures on the open cone Ω of positive definite matrices of some fixed dimension endowed with the trace metric that generalize known properties of the weighted least squares mean of finitely many positive definite matrices. Our approach is based on first defining the t-power mean of a probability measure as the unique fixed point of the contractive mapX∈Ω↦∫ΩX#tZμ(dZ) with respect to the Thompson metric, establishing its properties analogous to those of the power mean for a finite number of positive definite matrices, and showing the t-power means converge to the Karcher mean as t→0. We carry out this program first of all for the compactly supported probability measures and show that theory including the monotonicity extends to the general case.}
}

@article{LIM2020108672,
title = {{Strong law of large numbers for the $L_1$-Karcher mean}},
journal = {Journal of Functional Analysis},
volume = {279},
number = {7},
pages = {108672},
year = {2020},
issn = {0022-1236},
doi = {https://doi.org/10.1016/j.jfa.2020.108672},
url = {https://www.sciencedirect.com/science/article/pii/S0022123620302159},
author = {Yongdo Lim and Miklós Pálfia},
keywords = {Karcher mean, Sturm's law of large numbers, Nodice theorem},
abstract = {Sturm's strong law of large numbers in CAT(0) spaces has been an influential tool to study the geometric mean or also called Karcher barycenter of positive definite matrices. It provides an easily computable stochastic approximation based on inductive means. Convergence of a deterministic version of this approximation has been proved by Holbrook, providing his “nodice” theorem for the Karcher mean of positive definite matrices. The Karcher mean has also been extended to the infinite dimensional case of positive operators on a Hilbert space by Lawson-Lim and then to probability measures with bounded support by the second author, however the CAT(0) property of the space is lost and one defines the mean as the unique solution of a nonlinear operator equation on a convex Banach-Finsler manifold. The formulations of Sturm's strong law of large numbers and Holbrook's “nodice” approximation are natural and both conjectured to converge, however all previous techniques of their proofs break down, due to the Banach-Finsler nature of the space. In this paper we prove both conjectures by establishing the most general L1-form of Sturm's strong law of large numbers and Holbrook's “nodice” theorem in the operator norm by developing a stochastic discrete-time resolvent flow for the Karcher barycenter using its Wasserstein contraction property.}
}

@article{AGMNonCommuting-1988,
  title={The arithmetic-geometric mean and its generalizations for noncommuting linear operators},
  author={Nussbaum, Roger D and Cohen, Joel E},
  journal={Annali della Scuola Normale Superiore di Pisa-Classe di Scienze},
  volume={15},
  number={2},
  pages={239--308},
  year={1988}
}


@article{bacak2014computing,
  title={{Computing medians and means in Hadamard spaces}},
  author={Bac{\'a}k, Miroslav},
  journal={SIAM journal on optimization},
  volume={24},
  number={3},
  pages={1542--1566},
  year={2014},
  publisher={SIAM}
}


@article{Paige-2009,
  title={A useful form of unitary matrix obtained from any sequence of unit $2$-norm $n$-vectors},
  author={Paige, Christopher C},
  journal={SIAM Journal on Matrix Analysis and Applications},
  volume={31},
  number={2},
  pages={565--583},
  year={2009},
  publisher={SIAM}
}
@article{elmachtoub2010random,
  title={From random polygon to ellipse: An eigenanalysis},
  author={Elmachtoub, Adam N and Van Loan, Charles F},
  journal={SIAM review},
  volume={52},
  number={1},
  pages={151--170},
  year={2010},
  publisher={SIAM}
}

% Es-Sahib, Aziz, and Henri Heinich. "Barycentre canonique pour un espace métrique à courbure négative." Séminaire de probabilités de Strasbourg 33 (1999): 355-370.
@article{Barycentre-1999,
  title={Barycentre canonique pour un espace m{\'e}trique {\`a} courbure n{\'e}gative},
  author={Es-Sahib, Aziz and Heinich, Henri},
  journal={S{\'e}minaire de probabilit{\'e}s de Strasbourg},
  volume={33},
  pages={355--370},
  year={1999}
}

@article{lawson2001geometric,
  title={The geometric mean, matrices, metrics, and more},
  author={Lawson, Jimmie D and Lim, Yongdo},
  journal={The American Mathematical Monthly},
  volume={108},
  number={9},
  pages={797--812},
  year={2001},
  publisher={Taylor \& Francis}
}

@article{bhatia2012monotonicity,
  title={Monotonicity of the matrix geometric mean},
  author={Bhatia, Rajendra and Karandikar, Rajeeva L},
  journal={Mathematische Annalen},
  volume={353},
  pages={1453--1467},
  year={2012},
  publisher={Springer}
}

@article{ArchimedeanDoubleSequence-1984,
  title={{A generalization of the Archimedean double sequence}},
  author={Foster, D. M. E. and Phillips, G. M.},
  journal={Journal of mathematical analysis and applications},
  volume={101},
  number={2},
  pages={575--581},
  year={1984},
  publisher={Academic Press},
	NFnote={General quadratic convergence proof in Sec. 3}
}




@article{SubstitutiveMean-Dodd-1940,
  title={The substitutive mean and certain subclasses of this general mean},
  author={Dodd, Edward L},
  journal={The Annals of Mathematical Statistics},
  volume={11},
  number={2},
  pages={163--176},
  year={1940},
  publisher={JSTOR}
}

@article{Archimedes-Phillips-1981,
  title={Archimedes the numerical analyst},
  author={Phillips, George M},
  journal={The American Mathematical Monthly},
  volume={88},
  number={3},
  pages={165--169},
  year={1981},
  publisher={Taylor \& Francis}
}

@article{gibilisco2022jensen,
  title={{About the Jensen inequality for numerical $n$-means}},
  author={Gibilisco, Paolo},
  journal={International Journal of Modern Physics A},
  volume={37},
  number={20n21},
  pages={2243010},
  year={2022},
  publisher={World Scientific}
}

@misc{kirkwood1979geometric,
  title={Geometric means and measures of dispersion},
  author={Kirkwood, Thomas BL},
  journal={Biometrics},
  pages={908--909},
  year={1979},
  publisher={JSTOR}
}

@article{pakes1999convergence,
  title={On the convergence of moments of geometric and harmonic means},
  author={Pakes, AG},
  journal={Statistica Neerlandica},
  volume={53},
  number={1},
  pages={96--110},
  year={1999},
  publisher={Wiley Online Library}
}

@article{RecursiveFrechetMeanNPC-2016,
  title={{Recursive computation of the Fr{\'e}chet mean on non-positively curved Riemannian manifolds with applications}},
  author={Cheng, Guang and Ho, Jeffrey and Salehian, Hesamoddin and Vemuri, Baba C},
  journal={Riemannian Computing in Computer Vision},
  pages={21--43},
  year={2016},
  publisher={Springer}
}

@article{ConvexFunctionalMean-2001,
  title={{Self dual operators on convex functionals: Geometric mean and square root of convex functionals}},
  author={Atteia, Marc},
  journal={Journal of Convex Analysis},
  volume={8},
  number={1},
  pages={223--240},
  year={2001},
  publisher={Heldermann Verlag Langer Graben 17 32657 Lemgo Germany}
}


@article{nomizu1954invariant,
  title={Invariant affine connections on homogeneous spaces},
  author={Nomizu, Katsumi},
  journal={American Journal of Mathematics},
  volume={76},
  number={1},
  pages={33--65},
  year={1954},
  publisher={JSTOR}
}

@article{palfia2011means,
  title={Means in metric spaces and the center of mass},
  author={P{\'a}lfia, Mikl{\'o}s},
  journal={Journal of mathematical analysis and applications},
  volume={381},
  number={1},
  pages={383--391},
  year={2011},
  publisher={Elsevier}
}

@article{merkulov1999classification,
  title={Classification of irreducible holonomies of torsion-free affine connections},
  author={Merkulov, Sergei and Schwachhofer, Lorenz},
  journal={Annals of Mathematics},
  volume={150},
  number={1},
  pages={77--149},
  year={1999},
  publisher={JSTOR}
}

@article{lawson2011monotonic,
  title={Monotonic properties of the least squares mean},
  author={Lawson, Jimmie and Lim, Yongdo},
  journal={Mathematische Annalen},
  volume={351},
  pages={267--279},
  year={2011},
  publisher={Springer}
}

@article{eisenhart1922riemann,
  title={The Riemann geometry and its generalization},
  author={Eisenhart, Luther Pfahler and Veblen, Oswald},
  journal={Proceedings of the National Academy of Sciences},
  volume={8},
  number={2},
  pages={19--23},
  year={1922},
  publisher={National Acad Sciences}
}

@book{lagrange1882oeuvres,
  title={Oeuvres de Lagrange},
  author={Lagrange, Joseph Louis},
  volume={2},
  year={1868},
  publisher={Gauthier-Villars}
}

@article{arsigny2007geometric,
  title={Geometric means in a novel vector space structure on symmetric positive-definite matrices},
  author={Arsigny, Vincent and Fillard, Pierre and Pennec, Xavier and Ayache, Nicholas},
  journal={SIAM journal on matrix analysis and applications},
  volume={29},
  number={1},
  pages={328--347},
  year={2007},
  publisher={SIAM}
}

@article{borchardt1881deux,
  title={Sur deux algorithmes analogues {\`a} celui de la moyenne arithm{\'e}tico-g{\'e}om{\'e}trique de deux {\'e}l{\'e}ments},
  author={Borchardt, CW},
  journal={Memoriam Dominici Chelini, Collect. Math., L. Cremona, Editor, U. Hoepli, Milan},
  pages={206--212},
  year={1881}
}

@article{carlson1971algorithms,
  title={Algorithms involving arithmetic and geometric means},
  author={Carlson, Bille Chandler},
  journal={The American Mathematical Monthly},
  volume={78},
  number={5},
  pages={496--505},
  year={1971},
  publisher={Taylor \& Francis}
}

@article{foster1984arithmetic,
  title={The arithmetic-harmonic mean},
  author={Foster, DME and Phillips, GM},
  journal={Mathematics of computation},
  volume={42},
  number={165},
  pages={183--191},
  year={1984}
}

@article{massart2018matrix,
  title={Matrix geometric means based on shuffled inductive sequences},
  author={Massart, Estelle M and Hendrickx, Julien M and Absil, P-A},
  journal={Linear Algebra and its Applications},
  volume={542},
  pages={334--359},
  year={2018},
  publisher={Elsevier}
}

@article{moakher2005differential,
  title={A differential geometric approach to the geometric mean of symmetric positive-definite matrices},
  author={Moakher, Maher},
  journal={SIAM journal on matrix analysis and applications},
  volume={26},
  number={3},
  pages={735--747},
  year={2005},
  publisher={SIAM}
}

@article{palfia2013weighted,
  title={Weighted matrix means and symmetrization procedures},
  author={P{\'a}lfia, Mikl{\'o}s},
  journal={Linear Algebra and its Applications},
  volume={438},
  number={4},
  pages={1746--1768},
  year={2013},
  publisher={Elsevier}
}

@article{ohara2004geodesics,
  title={Geodesics for dual connections and means on symmetric cones},
  author={Ohara, Atsumi},
  journal={Integral Equations and Operator Theory},
  volume={50},
  pages={537--548},
  year={2004},
  publisher={Springer}
}
@incollection{pennec2012exponential,
  title={Exponential barycenters of the canonical Cartan connection and invariant means on Lie groups},
  author={Pennec, Xavier and Arsigny, Vincent},
  booktitle={Matrix information geometry},
  pages={123--166},
  year={2012},
  publisher={Springer}
}

@article{yamazaki2012riemannian,
  title={The Riemannian mean and matrix inequalities related to the Ando-Hiai inequality and chaotic order},
  author={Yamazaki, Takeaki},
  journal={Oper. Matrices},
  volume={6},
  number={3},
  pages={577--588},
  year={2012}
}
@article{palfia2011matrix,
  title={Matrix means and geometric constructions},
  author={P{\'a}lfia, Mikl{\'o}s},
  year={2011},
  publisher={Budapesti M{\H{u}}szaki {\'e}s Gazdas{\'a}gtudom{\'a}nyi Egyetem}
}

@article{ando2011operator,
  title={Operator log-convex functions and operator means},
  author={Ando, Tsuyoshi and Hiai, Fumio},
  journal={Mathematische Annalen},
  volume={350},
  pages={611--630},
  year={2011},
  publisher={Springer}
}
@article{bini2010effective,
  title={{An effective matrix geometric mean satisfying the Ando--Li--Mathias properties}},
  author={Bini, Dario and Meini, Beatrice and Poloni, Federico},
  journal={Mathematics of Computation},
  volume={79},
  number={269},
  pages={437--452},
  year={2010}
}

@article{lim2014weighted,
  title={Weighted inductive means},
  author={Lim, Yongdo and P{\'a}lfia, Mikl{\'o}s},
  journal={Linear Algebra and its Applications},
  volume={453},
  pages={59--83},
  year={2014},
  publisher={Elsevier}
}

@article{park2016remarks,
  title={Remarks on convergence of inductive means},
  author={Park, Jisu and Kim, Sejong},
  journal={Journal of applied mathematics \& informatics},
  volume={34},
  number={3\_4},
  pages={285--294},
  year={2016},
  publisher={The Korean Society for Computational and Applied Mathematics}
}

@article{darboux1878probleme,
  title={Sur un probleme de g{\'e}om{\'e}trie {\'e}l{\'e}mentaire},
  author={Darboux, G},
  journal={Bulletin des Sciences Math{\'e}matiques et Astronomiques},
  volume={2},
  number={1},
  pages={298--304},
  year={1878}
}

@article{gau1994sidesplitting,
  title={The Sidesplitting Story of the Midpoint Polygon},
  author={Gau, Y David and Tartre, Lindsay A},
  journal={The Mathematics Teacher},
  volume={87},
  number={4},
  pages={249--256},
  year={1994},
  publisher={National Council of Teachers of Mathematics}
}

@article{de2016mean,
  title={Mean, what do you Mean?},
  author={De Carvalho, Miguel},
  journal={The American Statistician},
  volume={70},
  number={3},
  pages={270--274},
  year={2016},
  publisher={Taylor \& Francis}
}

@article{audenaert2013matrix,
  title={On matrix inequalities between the power means: counterexamples},
  author={Audenaert, Koenraad MR and Hiai, Fumio},
  journal={Linear Algebra and its Applications},
  volume={439},
  number={5},
  pages={1590--1604},
  year={2013},
  publisher={Elsevier}
}

@article{sagae1994upper,
  title={Upper and lower bounds for the arithmetic-geometric-harmonic means of positive definite matrices},
  author={Sagae, Masahiko and Tanabe, Kunio},
  journal={Linear and Multilinear Algebra},
  volume={37},
  number={4},
  pages={279--282},
  year={1994},
  publisher={Taylor \& Francis}
}


@article{sturm2003probability,
  title={Probability measures on metric spaces of nonpositive curvature},
  author={Sturm, Karl-Theodor},
  journal={Heat Kernels and Analysis on Manifolds, Graphs, and Metric Spaces: Lecture Notes from a Quarter Program on Heat Kernels, Random Walks, and Analysis on Manifolds and Graphs: April 16-July 13, 2002, Emile Borel Centre of the Henri Poincar{\'e} Institute, Paris, France},
  volume={338},
  pages={357},
  year={2003},
  publisher={American Mathematical Soc.}
}

@article{ahn2007extended,
  title={An extended Lie--Trotter formula and its applications},
  author={Ahn, Eunkyung and Kim, Sejung and Lim, Yongdo},
  journal={Linear algebra and its applications},
  volume={427},
  number={2-3},
  pages={190--196},
  year={2007},
  publisher={Elsevier}
}

@article{dinh2018matrix,
  title={The matrix power means and interpolations},
  author={Dinh, Trung Hoa and Dumitru, ‎ Raluca and ‎ Franco, Jose A‎},
  year={2018}
}
@article{lim2012matrix,
  title={{Matrix power means and the Karcher mean}},
  author={Lim, Yongdo and P{\'a}lfia, Mikl{\'o}s},
  journal={Journal of Functional Analysis},
  volume={262},
  number={4},
  pages={1498--1514},
  year={2012},
  publisher={Elsevier}
}

@article{arnaudon2013approximating,
  title={{On approximating the Riemannian $1$-center}},
  author={Arnaudon, Marc and Nielsen, Frank},
  journal={Computational Geometry},
  volume={46},
  number={1},
  pages={93--104},
  year={2013},
  publisher={Elsevier}
}

@book{bullen2003handbook,
  title={Handbook of means and their inequalities},
  author={Bullen, Peter S},
  volume={560},
  year={2003},
  publisher={Springer Science \& Business Media}
}

@incollection{cox1984arithmetic,
  title={{The arithmetic-geometric mean of Gauss}},
  author={Cox, David A},
  booktitle={Pi: A source book},
  year={1984}
}

on. The arithmetic-geometric mean was first discovered by Lagrange
and rediscovered by Gauss a few years later while he was a teenage


quadratically, or the convergence is of the second order


@article{burai2021characterization,
  title={Characterization of quasi-arithmetic means without regularity condition},
  author={Burai, P{\'a}l and Kiss, Gergely and Szokol, Patricia},
  journal={Acta Mathematica Hungarica},
  volume={165},
  number={2},
  pages={474--485},
  year={2021},
  publisher={Springer}
}

@inproceedings{kim2018quasi,
  title={The quasi-arithmetic means and Cartan barycenters of compactly supported measures},
  author={Kim, Sejong},
  booktitle={Forum Mathematicum},
  volume={30},
  number={3},
  pages={753--765},
  year={2018},
  organization={De Gruyter}
}
@article{verdoolaege2012geometry,
  title={On the geometry of multivariate generalized Gaussian models},
  author={Verdoolaege, Geert and Scheunders, Paul},
  journal={Journal of mathematical imaging and vision},
  volume={43},
  pages={180--193},
  year={2012},
  publisher={Springer}
}
@article{andai2009geometry,
  title={On the geometry of generalized Gaussian distributions},
  author={Andai, Attila},
  journal={Journal of Multivariate Analysis},
  volume={100},
  number={4},
  pages={777--793},
  year={2009},
  publisher={Elsevier}
}

@article{AHM-Nakamura-2001,
  title={Algorithms associated with arithmetic, geometric and harmonic means and integrable systems},
  author={Nakamura, Yoshimasa},
  journal={Journal of computational and applied mathematics},
  volume={131},
  number={1-2},
  pages={161--174},
  year={2001},
  publisher={Elsevier}
}

@article{amari2014information,
  title={Information geometry of positive measures and positive-definite matrices: Decomposable dually flat structure},
  author={Amari, Shun-ichi},
  journal={Entropy},
  volume={16},
  number={4},
  pages={2131--2145},
  year={2014},
  publisher={Molecular Diversity Preservation International (MDPI)}
}

@incollection{nock2012mining,
  title={{Mining matrix data with Bregman matrix divergences for portfolio selection}},
  author={Nock, Richard and Magdalou, Brice and Briys, Eric and Nielsen, Frank},
  booktitle={Matrix Information Geometry},
  pages={373--402},
  year={2012},
  publisher={Springer}
}
@article{gomes2018geometry,
  title={Geometry and clustering with metrics derived from separable Bregman divergences},
  author={Gomes-Gon{\c{c}}alves, Erika and Gzyl, Henryk and Nielsen, Frank},
  journal={arXiv preprint arXiv:1810.10770},
  year={2018}
}
@article{AHM-194,
  title={The arithmetic-harmonic mean},
  author={Foster, DME and Phillips, GM},
  journal={Mathematics of computation},
  volume={42},
  number={165},
  pages={183--191},
  year={1984}
}

@article{hasegawa1997exponential,
  title={Exponential and mixture families in quantum statistics: Dual structure and unbiased parameter estimation},
  author={Hasegawa, Hiroshi},
  journal={Reports on Mathematical Physics},
  volume={39},
  number={1},
  pages={49--68},
  year={1997},
  publisher={Elsevier}
}



@article{ohara2005geometry,
  title={Geometry on positive definite matrices and V-potential function},
  author={Ohara, A},
  journal={The Institute of Statistical Mathematics Research Memorandum},
  year={2005}
}
@inproceedings{ohara2013geometry,
  title={{Geometry on positive definite matrices induced from $V$-potential function}},
  author={Ohara, Atsumi and Eguchi, Shinto},
  booktitle={Geometric Science of Information: First International Conference, GSI 2013, Paris, France, August 28-30, 2013. Proceedings},
  pages={621--629},
  year={2013},
  organization={Springer}
}

@article{MVNGeodesicShooting-2014,
  title={{DTI segmentation and fiber tracking using metrics on multivariate normal distributions}},
  author={Han, Minyeon and Park, Frank C},
  journal={Journal of mathematical imaging and vision},
  volume={49},
  pages={317--334},
  year={2014},
  publisher={Springer}
}

@book{krantz2002implicit,
  title={The implicit function theorem: history, theory, and applications},
  author={Krantz, Steven George and Parks, Harold R},
  year={2002},
  publisher={Springer Science \& Business Media}
}

@article{DFS-SPD-1996,
  title={Dualistic differential geometry of positive definite matrices and its applications to related problems},
  author={Ohara, Atsumi and Suda, Nobuhide and Amari, Shun-ichi},
  journal={Linear Algebra and Its Applications},
  volume={247},
  pages={31--53},
  year={1996},
  publisher={Elsevier}
}

@article{kobayashi2023geodesics,
  title={{Geodesics of multivariate normal distributions and a Toda lattice type Lax pair}},
  author={Kobayashi, Shimpei},
  journal={arXiv preprint arXiv:2304.12575},
  year={2023}
}
@book{borwein1987pi,
  title={{Pi and the AGM}},
  author={Borwein, Jonathan M and Borwein, Peter B},
  volume={9},
  year={1987},
  publisher={Wiley New York}
}
	@book{IG-2016,
  title={Information Geometry and Its Applications},
  author={Amari, Shun-ichi},
  isbn={9784431559771},
  series={Applied Mathematical Sciences},
  year={2016},
  publisher={Springer Japan}
}

@article{ortega2021hyperbolic,
  title={Hyperbolic center of mass for a system of particles in a two-dimensional space with constant negative curvature: An application to the curved 2-body problem},
  author={Ortega Palencia, Pedro Pablo and Ortiz Ortiz, Ruben Dario and Marin Ramirez, Ana Magnolia},
  journal={Mathematics},
  volume={9},
  number={5},
  pages={531},
  year={2021},
  publisher={MDPI}
}

@inproceedings{Frechet-1948,
  title={Les {\'e}l{\'e}ments al{\'e}atoires de nature quelconque dans un espace distanci{\'e}},
  author={Fr{\'e}chet, Maurice},
  booktitle={Annales de l'institut Henri Poincar{\'e}},
  volume={10},
  number={4},
  pages={215--310},
  year={1948}
}
@book{shima2007geometry,
  title={{The geometry of Hessian structures}},
  author={Shima, Hirohiko},
  year={2007},
  publisher={World Scientific}
}
@article{karcher1977riemannian,
  title={Riemannian center of mass and mollifier smoothing},
  author={Karcher, Hermann},
  journal={Communications on pure and applied mathematics},
  volume={30},
  number={5},
  pages={509--541},
  year={1977},
  publisher={Wiley Online Library}
}


 

@article{liang2019arithmetic,
  title={Arithmetic-geometric Mean, $\pi$, Perimeter of Ellipse, and Beyond},
  author={Liang, Guangqiu},
  year={2019}
}

@inproceedings{kim2018quasi,
  title={{The quasi-arithmetic means and Cartan barycenters of compactly supported measures}},
  author={Kim, Sejong},
  booktitle={Forum Mathematicum},
  volume={30},
  number={3},
  pages={753--765},
  year={2018},
  organization={De Gruyter}
}

@article{kim2016fixed,
  title={A fixed point mean approximation to the Cartan barycenter of positive definite matrices},
  author={Kim, Sejong and Lee, Hosoo and Lim, Yongdo},
  journal={Linear Algebra and its Applications},
  volume={496},
  pages={420--437},
  year={2016},
  publisher={Elsevier}
}
@article{ay2002dually,
  title={Dually flat manifolds and global information geometry},
  author={Ay, Nihat and Tuschmann, Wilderich},
  journal={Open Systems \& Information Dynamics},
  volume={9},
  number={2},
  pages={195--200},
  year={2002},
  publisher={Springer}
}

Nielsen, Frank. "The many faces of information geometry." Not. Am. Math. Soc 69.1 (2022): 36-45.
 
@article{holbrook2012no,
  title={{No dice: a deterministic approach to the Cartan centroid}},
  author={Holbrook, John},
  journal={Journal of the Ramanujan Mathematical Society},
  volume={27},
  number={4},
  pages={509--521},
  year={2012},
  publisher={RAMANUJAN MATHEMATICAL SOC C/O MNG ED, UNIV MYSORE, DEPT MATHEMATICS, MYSORE~…}
}

@article{bhatia2006riemannian,
  title={{Riemannian geometry and matrix geometric means}},
  author={Bhatia, Rajendra and Holbrook, John},
  journal={Linear algebra and its applications},
  volume={413},
  number={2-3},
  pages={594--618},
  year={2006},
  publisher={Elsevier}
}
@article{nakamura2009geometric,
  title={Geometric Means of Positive Operators.},
  author={Nakamura, Noboru},
  journal={Kyungpook mathematical journal},
  volume={49},
  number={1},
  year={2009}
}

@article{ALM-2004,
  title={Geometric means},
  author={Ando, Tsuyoshi and Li, Chi-Kwong and Mathias, Roy},
  journal={Linear algebra and its applications},
  volume={385},
  pages={305--334},
  year={2004},
  publisher={Elsevier}
}
@article{karcher2014riemannian,
  title={{Riemannian center of mass and so called Karcher mean}},
  author={Karcher, Hermann},
  journal={arXiv preprint arXiv:1407.2087},
  year={2014}
}
@article{dinh2022two,
  title={Two new extensions of the weighted arithmetic--geometric mean inequality via weak sub-majorization},
  author={Dinh, Xinh Thi and Duong, Huy Quoc and Nguyen, Hue Ngoc},
  journal={Indian Journal of Pure and Applied Mathematics},
  volume={53},
  number={4},
  pages={1122--1127},
  year={2022},
  publisher={Springer}
}
