@article{LEMean-2007,
  title={Geometric means in a novel vector space structure on symmetric positive-definite matrices},
  author={Arsigny, Vincent and Fillard, Pierre and Pennec, Xavier and Ayache, Nicholas},
  journal={SIAM journal on matrix analysis and applications},
  volume={29},
  number={1},
  pages={328--347},
  year={2007},
  publisher={SIAM}
}

% pages={321--324},
@article{Mean-Nielsen-2023,
  title={What is an inductive mean?},
  author={Nielsen, Frank},
  journal={Notices of the AMS},
  volume={70},
  number={11},
  year={2023}
}

@article{de2016mean,
  title={Mean, what do you Mean?},
  author={de Carvalho, Miguel},
  journal={The American Statistician},
  volume={70},
  number={3},
  pages={270--274},
  year={2016},
  publisher={Taylor \& Francis}
}

@article{AHM-Nakamura-2001,
  title={Algorithms associated with arithmetic, geometric and harmonic means and integrable systems},
  author={Nakamura, Yoshimasa},
  journal={Journal of computational and applied mathematics},
  volume={131},
  number={1-2},
  pages={161--174},
  year={2001},
  publisher={Elsevier}
}

@article{sturm2003probability,
  title={Probability measures on metric spaces of nonpositive curvature},
  author={Sturm, Karl-Theodor},
  journal={Heat Kernels and Analysis on Manifolds, Graphs, and Metric Spaces: Lecture Notes from a Quarter Program on Heat Kernels, Random Walks, and Analysis on Manifolds and Graphs: April 16-July 13, 2002, Emile Borel Centre of the Henri Poincar{\'e} Institute, Paris, France},
  volume={338},
  pages={357},
  year={2003},
  publisher={American Mathematical Soc.}
}
@article{bhatia2006riemannian,
  title={{Riemannian geometry and matrix geometric means}},
  author={Bhatia, Rajendra and Holbrook, John},
  journal={Linear algebra and its applications},
  volume={413},
  number={2-3},
  pages={594--618},
  year={2006},
  publisher={Elsevier}
}
@article{ArchimedeanDoubleSequence-1984,
  title={{A generalization of the Archimedean double sequence}},
  author={Foster, D. M. E. and Phillips, G. M.},
  journal={Journal of mathematical analysis and applications},
  volume={101},
  number={2},
  pages={575--581},
  year={1984},
  publisher={Academic Press},
	NFnote={General quadratic convergence proof in Sec. 3}
}
@article{lim2012matrix,
  title={{Matrix power means and the Karcher mean}},
  author={Lim, Yongdo and P{\'a}lfia, Mikl{\'o}s},
  journal={Journal of Functional Analysis},
  volume={262},
  number={4},
  pages={1498--1514},
  year={2012},
  publisher={Elsevier}
}
@article{bini2010effective,
  title={{An effective matrix geometric mean satisfying the Ando--Li--Mathias properties}},
  author={Bini, Dario and Meini, Beatrice and Poloni, Federico},
  journal={Mathematics of Computation},
  volume={79},
  number={269},
  pages={437--452},
  year={2010}
}
@article{bhatia2012monotonicity,
  title={Monotonicity of the matrix geometric mean},
  author={Bhatia, Rajendra and Karandikar, Rajeeva L},
  journal={Mathematische Annalen},
  volume={353},
  pages={1453--1467},
  year={2012},
  publisher={Springer}
}
 @article{ALM-2004,
  title={Geometric means},
  author={Ando, Tsuyoshi and Li, Chi-Kwong and Mathias, Roy},
  journal={Linear algebra and its applications},
  volume={385},
  pages={305--334},
  year={2004},
  publisher={Elsevier}
}
@article{Kolmogorov-1930,
  title={Sur la notion de la moyenne},
  author={A. N. Kolmogorov},
  journal={Atti della Accademia nazionale dei Lincei Rendicoti},
  volume={12},
  pages={388-391},
  year={1930} 
}

@inproceedings{Nagumo-1930,
  title={{\"U}ber eine klasse der mittelwerte},
  author={Nagumo, Mitio},
  booktitle={Japanese journal of mathematics: transactions and abstracts},
  volume={7},
  pages={71--79},
  year={1930},
  organization={The Mathematical Society of Japan}
}