@article{LeviCivita-1916,
  title={Nozione di parallelismo in una variet{\`a} qualunque e conseguente specificazione geometrica della curvatura riemanniana},
  author={Levi-Civita, Memoria di T},
  journal={Rendiconti del Circolo Matematico di Palermo (1884-1940)},
  volume={42},
  number={1},
  pages={173--204},
  year={1916},
  publisher={Springer}
}