@article{nielsen2022statistical,
  title={{Statistical divergences between densities of truncated exponential families with nested supports: Duo Bregman and duo Jensen divergences}},
  author={Nielsen, Frank},
  journal={Entropy},
  volume={24},
  number={3},
  pages={421},
  year={2022},
  publisher={MDPI}
}


@ARTICLE{fdivCauchy-2023,
  author={Nielsen, Frank and Okamura, Kazuki},
  journal={IEEE Transactions on Information Theory}, 
  title={{On $f$-Divergences between Cauchy distributions}}, 
  year={2023},
  volume={69},
  number={5},
  pages={3150-3171},
  doi={10.1109/TIT.2022.3231645},
	url={fdivCauchy-2023.pdf}
	}