@book{Eaton-1989,
  title={Group invariance applications in statistics},
  author={Eaton, Morris L},
  year={1989},
  organization={IMS}
}

@article{Csiszar-1967,
  title={Information-type measures of difference of probability distributions and indirect observation},
  author={Csisz{\'a}r, Imre},
  journal={studia scientiarum Mathematicarum Hungarica},
  volume={2},
  pages={229--318},
  year={1967}
}