@InProceedings{suris2021hyperfuture,
    title={Learning the Predictability of the Future},
    author={Sur\'is, D\'idac and Liu, Ruoshi and Vondrick, Carl},
    journal={Proceedings of the IEEE Conference on Computer Vision and Pattern Recognition (CVPR)},
    year={2021}
}


@article{cannon1997hyperbolic,
  title={Hyperbolic geometry},
  author={Cannon, James W and Floyd, William J and Kenyon, Richard and Parry, Walter R and others},
  journal={Flavors of geometry},
  volume={31},
  pages={59--115},
  year={1997}
}

@article{ArnaudonNielsen-2012,
  title={{On approximating the Riemannian $1$-center}},
  author={Arnaudon, Marc and Nielsen, Frank},
  journal={Computational Geometry},
  volume={46},
  number={1},
  pages={93--104},
  year={2013},
  publisher={Elsevier}
}

@inproceedings{NielsenHadjeres-2015,
  title={Approximating covering and minimum enclosing balls in hyperbolic geometry},
  author={Nielsen, Frank and Hadjeres, Ga{\"e}tan},
  booktitle={International Conference on Geometric Science of Information},
  pages={586--594},
  year={2015},
  organization={Springer}
}


@inproceedings{HVD-2014,
  title={{Visualizing hyperbolic Voronoi diagrams}},
  author={Nielsen, Frank and Nock, Richard},
  booktitle={Proceedings of the thirtieth annual symposium on Computational geometry},
  pages={90--91},
  year={2014}
}
@article{nielsen2012hyperbolic,
  title={{The hyperbolic Voronoi diagram in arbitrary dimension}},
  author={Nielsen, Frank and Nock, Richard},
  journal={arXiv preprint arXiv:1210.8234},
  year={2012}
}
@inproceedings{HVD-2010,
  title={{Hyperbolic Voronoi diagrams made easy}},
  author={Nielsen, Frank and Nock, Richard},
  booktitle={2010 International Conference on Computational Science and Its Applications},
  pages={74--80},
  year={2010},
  organization={IEEE}
}

@article{shimizu2020hyperbolic,
  title={Hyperbolic neural networks++},
  author={Shimizu, Ryohei and Mukuta, Yusuke and Harada, Tatsuya},
  journal={Proceedings of the International Conference on Learning Representation},
  year={2021}
}


	  @article{PoincareGeodesics-2001,
  title={{The hyperbolic derivative in the Poincar{\'e} ball model of hyperbolic geometry}},
  author={Birman, Graciela S and Ungar, Abraham A},
  journal={Journal of mathematical analysis and applications},
  volume={254},
  number={1},
  pages={321--333},
  year={2001},
  publisher={Elsevier}
}
	
	