

@misc{LegendreIG-2010,
  title={Legendre transformation and information geometry},
  author={Nielsen, Frank},
  year={2010}
}

@article{Crouzeix-1977,
  title={A relationship between the second derivatives of a convex function and of its conjugate},
  author={Crouzeix, Jean-Pierre},
  journal={Mathematical Programming},
  volume={13},
  number={1},
  pages={364--365},
  year={1977},
  publisher={Springer}
}

@incollection{CR-2013,
  title={Cram{\'e}r-Rao lower bound and information geometry},
  author={Nielsen, Frank},
  booktitle={Connected at Infinity II},
  pages={18--37},
  year={2013},
  publisher={Springer}
}

@article{lin2020handling,
  title={Handling the Positive-Definite Constraint in the Bayesian Learning Rule},
  author={Lin, Wu and Schmidt, Mark and Khan, Mohammad Emtiyaz},
  journal={arXiv preprint arXiv:2002.10060},
  year={2020}
}

@article{song2018accelerating,
  title={Accelerating natural gradient with higher-order invariance},
  author={Song, Yang and Song, Jiaming and Ermon, Stefano},
  journal={arXiv preprint arXiv:1803.01273},
  year={2018}
}


@article{Bonnabel-2013,
  title={Stochastic gradient descent on {R}iemannian manifolds},
  author={Bonnabel, Silvere},
  journal={IEEE Transactions on Automatic Control},
  volume={58},
  number={9},
  pages={2217--2229},
  year={2013},
  publisher={IEEE}
}
	@book{IG-2016,
  title={Information Geometry and Its Applications},
  author={Amari, Shun-ichi},
  isbn={9784431559771},
  series={Applied Mathematical Sciences},
  year={2016},
  publisher={Springer Japan}
}

@article{Bubeck-2015,
  title={Convex Optimization: Algorithms and Complexity},
  author={Bubeck, S{\'e}bastien and others},
  journal={Foundations and Trends{\textregistered} in Machine Learning},
  volume={8},
  number={3-4},
  pages={231--357},
  year={2015},
  publisher={Now Publishers, Inc.}
}

@techreport{EIG-2018,
  title={An elementary introduction to information geometry},
  author={Nielsen, Frank},
  instituation={arXiv preprint},
  year={2018}
}


@inproceedings{Zhang-2018,
  title={Noisy natural gradient as variational inference},
  author={Zhang, Guodong and Sun, Shengyang and Duvenaud, David and Grosse, Roger},
  booktitle={International Conference on Machine Learning},
  pages={5852--5861},
  year={2018}
}

@article{Cauchy-1847,
  title={Methode g\'en\'erale pour la r\'esolution des syst\`emes d'\'equations simultan\'ees},
  author={Cauchy, AL},
  journal={Comptes Rendus de l'Acad\'emie des Sciences},
  volume={25},
  pages={536--538},
  year={1847}
}

@article{Curry-1944,
  title={The method of steepest descent for non-linear minimization problems},
  author={Curry, Haskell B},
  journal={Quarterly of Applied Mathematics},
  volume={2},
  number={3},
  pages={258--261},
  year={1944}
}

@article{MDIG-2015,
  title={The information geometry of mirror descent},
  author={Raskutti, Garvesh and Mukherjee, Sayan},
  journal={IEEE Transactions on Information Theory},
  volume={61},
  number={3},
  pages={1451--1457},
  year={2015},
  publisher={IEEE}
}

@article{DFS-2019,
  title={On geodesic triangles with right angles in a dually flat space},
  author={Nielsen, Frank},
  journal={arXiv preprint arXiv:1910.03935},
  year={2019}
}


@article{Bregman-1967,
  title={The relaxation method of finding the common point of convex sets and its application to the solution of problems in convex programming},
  author={Bregman, Lev M.},
  journal={USSR computational mathematics and mathematical physics},
  volume={7},
  number={3},
  pages={200--217},
  year={1967},
  publisher={Elsevier}
}


@incollection{MCIG-2019,
  title={Monte {C}arlo information-geometric structures},
  author={Nielsen, Frank and Hadjeres, Ga{\"e}tan},
  booktitle={Geometric Structures of Information},
  pages={69--103},
  year={2019},
  publisher={Springer}
}

@book{Shima-2007,
  title={The geometry of {H}essian structures},
  author={Shima, Hirohiko},
  year={2007},
  publisher={World Scientific}
}

@book{MatrixMfd-2009,
  title={Optimization algorithms on matrix manifolds},
  author={Absil, P-A and Mahony, Robert and Sepulchre, Rodolphe},
  year={2009},
  publisher={Princeton University Press}
}

@book{DG-2016,
  title={Differential geometry of curves and surfaces: revised and updated second edition},
  author={Do Carmo, Manfredo P},
  year={2016},
  publisher={Courier Dover Publications}
}


@article{Amari-1998,
  title={Natural gradient works efficiently in learning},
  author={Amari, Shun-ichi},
  journal={Neural computation},
  volume={10},
  number={2},
  pages={251--276},
  year={1998},
  publisher={MIT Press}
}

@article{AN-2013,
  title={On approximating the {R}iemannian $1$-center},
  author={Arnaudon, Marc and Nielsen, Frank},
  journal={Computational Geometry},
  volume={46},
  number={1},
  pages={93--104},
  year={2013},
  publisher={Elsevier}
}