% This file was created with JabRef 2.10b2.
% Encoding: UTF-8


@Article{Abbring2007,
  Title                    = {The Unobserved Hetreogeneity Distribution in Duration Analysis},
  Author                   = {Abbring, J. H. and Van Den Berg, G. J.},
  Journal                  = {Biometrika},
  Year                     = {2007},
  Number                   = {1},
  Pages                    = {87-99},
  Volume                   = {94},

  Owner                    = {vmaroufy},
  Timestamp                = {2013.04.17}
}

@Article{Adler2002,
  Title                    = {Newton's Method on Riemannian Manifolds and Geometric Model for the Human Spine},
  Author                   = {Adler, R. L. and Dedieu, J. and Margulies, J. Y. and Martens, M. and Shub, M.},
  Journal                  = {IMA Journal of Numerical Analysis},
  Year                     = {2002},
  Pages                    = {359-390},
  Volume                   = {22},

  Owner                    = {vmaroufy},
  Timestamp                = {2013.07.16}
}

@Book{Agresti1990,
  Title                    = {Categorical Data Analysis},
  Author                   = {Agresti, A.},
  Publisher                = {John Wiley \& Sons},
  Year                     = {1990},
  Edition                  = {Second},

  Owner                    = {vmaroufy},
  Timestamp                = {2012.10.02}
}

@Article{Ahmad1982,
  Title                    = {Remarks on the non-identifiability of mixtures of distributions},
  Author                   = {Ahmad, k. E. and Alhossaini, E. K.},
  Journal                  = {Annals of the Institute of statistical mathematics},
  Year                     = {1982},
  Number                   = {1},
  Pages                    = {543-544},
  Volume                   = {34},

  File                     = {:/home/vmaroufy/Documents/Research_UW/PhD Thesis/papers/Remarks on the non-identifiability of mixtures of distributions.pdf:PDF},
  Owner                    = {vmaroufy},
  Timestamp                = {2010.11.01}
}

@Book{Alexandrov2005,
  Title                    = {Convex polyhedra},
  Author                   = {Alexandrov, A. D.},
  Publisher                = {Springer Science and Business Media},
  Year                     = {2005},

  Owner                    = {vmaroufy},
  Timestamp                = {2015.10.18}
}

@Book{Amari1993,
  Title                    = {Methods of information Geometry},
  Author                   = {Amari, S. and Nagaoka, H.},
  Publisher                = {American Mathematical Society},
  Year                     = {1993},

  Owner                    = {vmaroufy},
  Timestamp                = {2011.03.02}
}

@Book{Amari1990,
  Title                    = {Differential-Geometrical Methods in Statisitics: Lecture Notes in Statisitics},
  Author                   = {Amari, S. I},
  Publisher                = {New York: Springer-Verlag},
  Year                     = {1990},
  Edition                  = {Second},

  Owner                    = {vmaroufy},
  Timestamp                = {2012.10.29}
}

@Book{Amari1985,
  Title                    = {Differential-Geometrical Methods in Statistics: Lecture Notes in Statistics},
  Author                   = {Amari, S. I.},
  Publisher                = {New York: Springer-Verlag},
  Year                     = {1985},

  Owner                    = {vmaroufy},
  Timestamp                = {2012.10.29}
}

@Article{Amari1982,
  Title                    = {Differential Geometry of Curved Exponential Families - Curvature and Information Loss},
  Author                   = {Amari, S. I.},
  Journal                  = {The Annals of Statistics},
  Year                     = {1982},
  Pages                    = {357-385},
  Volume                   = {10},

  Owner                    = {vmaroufy},
  Timestamp                = {2012.10.29}
}

@PhdThesis{Anaya-Izquierdo2006,
  Title                    = {Statistical and Geometrical Analysis of Local Mixture Models and a Proposal of Some New Tests of Fit with Censored Data},
  Author                   = {Anaya-Izquierdo, K.},
  School                   = {Facultad de Ciencias Universidad Nacional Autnoma de Mexico},
  Year                     = {2006},

  Owner                    = {vmaroufy},
  Timestamp                = {2012.10.04}
}

@Article{Anaya-Izquierdo2013,
  Title                    = {Logistic Regression Geometry},
  Author                   = {Anaya-Izquierdo, K. and Critchley, F. and Marriott, P.},
  Journal                  = {arXiv preprint arXiv:1304.1720},
  Year                     = {2013},

  Owner                    = {vmaroufy},
  Timestamp                = {2014.09.10}
}

@Article{Anaya-Izquierdo2013a,
  Title                    = {When are first order asymptotics adequate? a diagnostic},
  Author                   = {Anaya-Izquierdo, K. and Critchley, F. and Marriott, P.},
  Journal                  = {Stat},
  Year                     = {2013},
  Number                   = {1},
  Pages                    = {17-22},
  Volume                   = {3},

  Owner                    = {vmaroufy},
  Timestamp                = {2014.10.06}
}

@Article{anaya2007local,
  Title                    = {local mixture of the exponential distribution},
  Author                   = {Anaya-Izquierdo, K. and Marriott, P},
  Journal                  = {Annals of the Insti. Math. Statist.},
  Year                     = {2007},
  Number                   = {1},
  Pages                    = {111-134},
  Volume                   = {59},

  Owner                    = {vmaroufy},
  Timestamp                = {2015.06.15}
}

@Article{Anaya-Izquierdo2007,
  Title                    = {Local mixture models of exponential families},
  Author                   = {Anaya-Izquierdo, K. and Marriott, P.},
  Journal                  = {Bernoulli},
  Year                     = {2007},
  Pages                    = {623-640},
  Volume                   = {13},

  File                     = {:/home/vmaroufy/Documents/Research_UW/PhD Thesis/papers/Local Mixture Models of Exponential Families.pdf:PDF},
  Owner                    = {vmaroufy},
  Timestamp                = {2011.06.21}
}

@Book{Antoniou2007,
  Title                    = {Practical Optimization: Algorithms and Engineering Applications},
  Author                   = {Antoniou, A. and Lu, W. S.},
  Publisher                = {Springer},
  Year                     = {2007},

  Owner                    = {vmaroufy},
  Timestamp                = {2012.12.20}
}

@Article{Arya2012,
  Title                    = {Polytope approximation and the Mahler volume},
  Author                   = {Arya, S. and Da Fonseca, G. D. and Mount, D. M.},
  Journal                  = {In Proceedings of the Twenty-Third Annual ACM-SIAM Symposium on Discrete Algorithms},
  Year                     = {2012},
  Pages                    = {29-42},

  Owner                    = {vmaroufy},
  Timestamp                = {2014.09.29}
}

@Book{Azzalini1998,
  Title                    = {Statistical Inference},
  Author                   = {Azzalini, A.},
  Publisher                = {Chapman and Hall},
  Year                     = {1998},

  Owner                    = {vmaroufy},
  Timestamp                = {2015.04.27}
}

@Article{Bandy1966,
  Title                    = {A Theorem on Positive Quartic Forms},
  Author                   = {Bandy, M. L.},
  Journal                  = {The American Mathematical Monthly},
  Year                     = {1966},
  Number                   = {8},
  Pages                    = {864-866},
  Volume                   = {73},

  File                     = {:/home/vmaroufy/Documents/Research_UW/PhD Thesis/papers/A Theorem on Positive Quartic Forms.pdf:PDF},
  Owner                    = {vmaroufy},
  Timestamp                = {2011.06.21}
}

@Book{Barnard1936,
  Title                    = {Higher Algebra},
  Author                   = {Barnard, S. and Child, J. M.},
  Publisher                = {Macimillian and Co.},
  Year                     = {1936},

  File                     = {:/home/vmaroufy/Documents/Research_UW/PhD Thesis/Books/higher algebra.pdf:PDF},
  Owner                    = {vmaroufy},
  Timestamp                = {2011.06.21}
}

@Book{Barndorff-Nielsen2014,
  Title                    = {Information and exponential familes in statistical theory},
  Author                   = {Barndorff-Nielsen, O. E.},
  Publisher                = {John Wiley and sons},
  Year                     = {2014},

  Owner                    = {vmaroufy},
  Timestamp                = {2014.10.07}
}

@Book{Barndorff-Nielsen1988,
  Title                    = {Parametric Statistical Models and Likelihood},
  Author                   = {Barndorff-Nielsen, O. E.},
  Publisher                = {Springer, London},
  Year                     = {1988},

  Owner                    = {vmaroufy},
  Timestamp                = {2012.10.29}
}

@Article{Barndorff-Nielsen1987,
  Title                    = {Differential Geometry and Statisitics: Some Mathematical Aspects},
  Author                   = {Barndorff-Nielsen, O. E.},
  Journal                  = {Indian Journal of Math},
  Year                     = {1987},
  Pages                    = {335-350},
  Volume                   = {29},

  Owner                    = {vmaroufy},
  Timestamp                = {2012.10.29}
}

@Article{Barndorff-Nielsen1987a,
  Title                    = {Differential and Integral Geometry in Statistical Inference},
  Author                   = {Barndorff-Nielsen, O. E.},
  Journal                  = {Institute of Mathematical Statistics, Hayward, Ca.},
  Year                     = {1987},
  Pages                    = {95-162},

  Owner                    = {vmaroufy},
  Timestamp                = {2012.10.30}
}

@Article{Barndorff-Nielsen1986,
  Title                    = {Likelihood and Observed Geometries},
  Author                   = {Barndorff-Nielsen, O. E.},
  Journal                  = {The Annals of Statistics},
  Year                     = {1986},
  Number                   = {3},
  Pages                    = {856-873},
  Volume                   = {14},

  Owner                    = {vmaroufy},
  Timestamp                = {2012.10.29}
}

@Article{Barndorff-Nielsen1986a,
  Title                    = {Strings, Tensorial Combinants, and {B}artlett Adjustments},
  Author                   = {Barndorff-Nielsen, O. E.},
  Journal                  = {Proceedings of the Royal Society of London. Series A},
  Year                     = {1986},
  Pages                    = {127-137},
  Volume                   = {406},

  Owner                    = {vmaroufy},
  Timestamp                = {2012.10.29}
}

@Article{Barndorff-Nielsen1983,
  Title                    = {On a Formula for the Distribution of the Maximum Likelihood Estimator},
  Author                   = {Barndorff-Nielsen, O. E.},
  Journal                  = {Biometrika},
  Year                     = {1983},
  Number                   = {2},
  Pages                    = {343-365},
  Volume                   = {70},

  Owner                    = {vmaroufy},
  Timestamp                = {2012.10.30}
}

@Article{Barndorff-Nielsen1980,
  Title                    = {Conditionality Resolutions},
  Author                   = {Barndorff-Nielsen, O. E.},
  Journal                  = {Biometrika},
  Year                     = {1980},
  Number                   = {2},
  Pages                    = {293-310},
  Volume                   = {67},

  Owner                    = {vmaroufy},
  Timestamp                = {2014.05.06}
}

@Book{Barndorff-Nielsen1994,
  Title                    = {Inference and Asymptotics},
  Author                   = {Barndorff-Nielsen, O. E. and Cox, D. R.},
  Publisher                = {Chapman and Hall},
  Year                     = {1994},

  Owner                    = {vmaroufy},
  Timestamp                = {2012.11.29}
}

@Book{Barndorff-Nielsen1989,
  Title                    = {Asymptotic Techniques for use in Statistics},
  Author                   = {Barndorff-Nielsen, O. E. and Cox, D. R.},
  Publisher                = {Chapman and Hall},
  Year                     = {1989},

  Owner                    = {vmaroufy},
  Timestamp                = {2012.10.30}
}

@Article{Barndorff-Nielsen1986b,
  Title                    = {The Role of Differential Geometry in Statistical Theory},
  Author                   = {Barndorff-Nielsen, O. E. and Cox, D. R. and Reid, N.},
  Journal                  = {International Statistical Review},
  Year                     = {1986},
  Number                   = {1},
  Pages                    = {83-96},
  Volume                   = {54},

  Owner                    = {vmaroufy},
  Timestamp                = {2012.10.29}
}

@Article{Barvinok2013,
  Title                    = {Thrifty approximations of convex bodies by polytopes},
  Author                   = {Barvinok, A.},
  Journal                  = {International Mathematics Research Notices},
  Year                     = {2013},
  Volume                   = {rnt078},

  Owner                    = {vmaroufy},
  Timestamp                = {2014.09.29}
}

@Article{Batyrev1992,
  Title                    = {Toric Varieties and Smooth Convex Approximations of a Polytope},
  Author                   = {Batyrev, V. V.},
  Journal                  = {RIMS Kokyuroku},
  Year                     = {1992},
  Pages                    = {20},
  Volume                   = {776},

  Owner                    = {vmaroufy},
  Timestamp                = {2013.11.14}
}

@Article{Becker2000,
  Title                    = {Deciding Positivity of Real Polynomials},
  Author                   = {Becker, E. and Powers, V. and Wormann, T.},
  Journal                  = {Contemporary Mathematics},
  Year                     = {2000},
  Pages                    = {19-23},
  Volume                   = {253},

  File                     = {:/home/vmaroufy/Documents/Research_UW/PhD Thesis/papers/Deciding Positivity of Real Polynomials.pdf:PDF},
  Owner                    = {vmaroufy},
  Timestamp                = {2012.03.01}
}

@Article{Berger2000,
  Title                    = {Bayesian Robustness},
  Author                   = {Berger, J. O. and Rios Insua, D. and Ruggeri, F.},
  Journal                  = {Robust Bayesian Analysis},
  Year                     = {2000},
  Pages                    = {1-32},

  Owner                    = {vmaroufy},
  Timestamp                = {2014.05.29}
}

@Book{Berger1987,
  Title                    = {Geometry I},
  Author                   = {Berger, M.},
  Publisher                = {Springer},
  Year                     = {1987},

  Owner                    = {vmaroufy},
  Timestamp                = {2013.06.11}
}

@Article{Berry1987,
  Title                    = {Logarithmic transformations in ANOVA.},
  Author                   = {Berry, D. A},
  Journal                  = {Biometrics},
  Year                     = {1987},
  Pages                    = {439-456},
  Volume                   = {43},

  Owner                    = {vmaroufy},
  Timestamp                = {2011.02.09}
}

@Article{Blaesild1991,
  Title                    = {Yokes and Tensors Derived from Yokes},
  Author                   = {Blaesild, P},
  Journal                  = {Annals of the Institute of statistical mathematics},
  Year                     = {1991},
  Number                   = {1},
  Pages                    = {95-113},
  Volume                   = {43},

  Owner                    = {vmaroufy},
  Timestamp                = {2012.10.29}
}

@Article{Blyth1994,
  Title                    = {Local Divergence and Association},
  Author                   = {Blyth, S.},
  Journal                  = {Biometrika},
  Year                     = {1994},
  Number                   = {3},
  Pages                    = {579-584},
  Volume                   = {81},

  File                     = {:/home/vmaroufy/Documents/Research_UW/PhD Thesis/papers/local divergence and association.pdf:PDF},
  Owner                    = {vmaroufy},
  Timestamp                = {2011.07.13}
}

@Article{Bodduluri1993,
  Title                    = {Design of developable surfaces using duality between plane and point geometries},
  Author                   = {Bodduluri, RMC and Ravani,B.},
  Journal                  = {Computer-Aided Design},
  Year                     = {1993},
  Number                   = {10},
  Pages                    = {621-632},
  Volume                   = {25},

  File                     = {:/home/vmaroufy/Documents/Research_UW/PhD Thesis/papers/Design of developable space using duality of plane and point geometry.pdf:PDF},
  Owner                    = {vmaroufy},
  Timestamp                = {2011.10.24}
}

@Book{Bonnesen1987,
  Title                    = {Theory of Convex Bodies},
  Author                   = {Bonnesen, T. and Fenchel, W.},
  Publisher                = {BCS Associatee, Moscow, Idaho},
  Year                     = {1987},

  Owner                    = {vmaroufy},
  Timestamp                = {2013.11.14}
}

@Article{Boroczky2008,
  Title                    = {Approximating 3-dimensional convex bodies by polytopes with a restricted number of edges},
  Author                   = {Boroczky, K. and Fodor, F.},
  Journal                  = {Contributions to Algebra and Geometry},
  Year                     = {2008},
  Number                   = {1},
  Pages                    = {177-193},
  Volume                   = {49},

  Owner                    = {vmaroufy},
  Timestamp                = {2014.09.29}
}

@Article{Boroczky2004,
  Title                    = {Approximation of Smooth Convex Bodies by Randome circumscribed Polytopes},
  Author                   = {Boroczky, K. and Reitzenger, M.},
  Journal                  = {The Annals Applied Probability},
  Year                     = {2004},
  Number                   = {1},
  Pages                    = {239-273},
  Volume                   = {14},

  Owner                    = {vmaroufy},
  Timestamp                = {2014.01.09}
}

@Article{Bradford1975,
  Title                    = {Asymptotic Normality of the Posterior Distributions for Exponential Models},
  Author                   = {Bradford, R. C. and Ronnie, L. M.},
  Journal                  = {The Annals of Statistics},
  Year                     = {1975},
  Pages                    = {223-227},
  Volume                   = {3},

  File                     = {:/home/vmaroufy/Documents/Research_UW/PhD Thesis/papers/ASYMPTOTIC NORMALITY OF THE POSTERIOR DISTRIBUTION OF EXPONENTIAL MODELS.pdf:PDF},
  Owner                    = {vmaroufy},
  Timestamp                = {2012.02.15}
}

@Article{Breen2010,
  Title                    = {Mixture Models for ordinal data},
  Author                   = {Breen, R. and Luijkx, R.},
  Journal                  = {Sociological Methods and Research},
  Year                     = {2010},
  Number                   = {1},
  Pages                    = {3-24},
  Volume                   = {39},

  File                     = {:/home/vmaroufy/Documents/Research_UW/PhD Thesis/papers/Mixture Models for ordinal Data.pdf:PDF},
  Owner                    = {vmaroufy},
  Timestamp                = {2011.02.08}
}

@Article{Breslow1972,
  Title                    = {Contribution to the Discussion on the Paper of {C}ox (1972)},
  Author                   = {Breslow, N.},
  Journal                  = {Biom},
  Year                     = {1972},
  Pages                    = {216-217},
  Volume                   = {34},

  Owner                    = {vmaroufy},
  Timestamp                = {2013.06.27}
}

@Book{Brown1986,
  Title                    = {Fundamentals of Statistical Esponential Families: with Application in Statistical Decision Theory},
  Author                   = {Brown, L. D.},
  Publisher                = {Institute of Mathematical Statistics},
  Year                     = {1986},

  Owner                    = {vmaroufy},
  Timestamp                = {2012.09.27}
}

@Article{Brunel2013,
  Title                    = {Adaptive estimation of convex polytopes and convex sets from noisy data},
  Author                   = {Brunel, V. E.},
  Journal                  = {Electronic Journal of Statistics},
  Year                     = {2013},
  Pages                    = {1301-1327},
  Volume                   = {7},

  Owner                    = {vmaroufy},
  Timestamp                = {2014.09.29}
}

@Article{Bryant1984,
  Title                    = {Geometry, Statistics, Probability: Variations on a Common Theme.},
  Author                   = {Bryant, P.},
  Journal                  = {The American Statistician},
  Year                     = {1984},
  Number                   = {1},
  Pages                    = {38-48},
  Volume                   = {38},

  Owner                    = {vmaroufy},
  Timestamp                = {2012.10.03}
}

@Article{Carandini2007,
  Title                    = {Thalamic Filtering of Retinal Spike Trains by Postsynaptic Summation},
  Author                   = {Carandini, M. and Horton, H. C. and Sincich, L. C.},
  Journal                  = {Journal of Vision},
  Year                     = {2007},
  Number                   = {14},
  Pages                    = {1-11},
  Volume                   = {7},

  Owner                    = {vmaroufy},
  Timestamp                = {2013.01.03}
}

@Article{Celeux2007,
  Title                    = {Mixture models for classification},
  Author                   = {Celeux, G.},
  Journal                  = {Advances in Data Analysis},
  Year                     = {2007},
  Pages                    = {3-14},
  Volume                   = {Springer Berlin Heidellberg},

  Owner                    = {vmaroufy},
  Timestamp                = {2015.07.16}
}

@Article{Chen2001a,
  Title                    = {Thesting for finite mixture model with two components},
  Author                   = {Chen, H, and Chen, J. and Kalbfleisch, D},
  Journal                  = {working paper, Department of Statistics and Actuarial Science, University of Waterloo},
  Year                     = {2001},

  File                     = {:/home/vmaroufy/Documents/Research_UW/PhD Thesis/papers/Testing for a finite mixture model with two components.pdf:PDF},
  Owner                    = {vmaroufy},
  Timestamp                = {2011.03.02}
}

@Article{Chen2001,
  Title                    = {The likelihood ratio test for homogeneity in finite mixture models},
  Author                   = {Chen, H. and Chen, J.},
  Journal                  = {The canadian journal of statistics},
  Year                     = {2001},
  Number                   = {2},
  Pages                    = {201-215},
  Volume                   = {29},

  File                     = {:/home/vmaroufy/Documents/Research_UW/PhD Thesis/papers/The Likelihood Ratio test for homogeniety in the finite mixture models.pdf:PDF},
  Owner                    = {vmaroufy},
  Timestamp                = {2011.03.02}
}

@Article{Chen2001b,
  Title                    = {A modified likelihood ratio test for homogeneity in finite mixture models},
  Author                   = {Chen, J. and Kalbfleisch, D},
  Journal                  = {Journal of Royal Statistical Society},
  Year                     = {2001},
  Pages                    = {19-29},
  Volume                   = {63},

  Owner                    = {vmaroufy},
  Timestamp                = {2011.03.02}
}

@Article{Chen1996,
  Title                    = {Penalized minimum-distance estimates in finite mixture models},
  Author                   = {Chen, J. and Kalbfleisch, J. D.},
  Journal                  = {The Canadian Journal of Statistics},
  Year                     = {1996},
  Number                   = {2},
  Pages                    = {167-175},
  Volume                   = {24},

  File                     = {:/home/vmaroufy/Documents/Research_UW/PhD Thesis/papers/Penalized Minimum-Distance Estimates in Finite Mixture Models.pdf:PDF},
  Owner                    = {vmaroufy},
  Timestamp                = {2011.03.01}
}

@Article{Chen2009,
  Title                    = {Inference for Multivariate normal mixtures},
  Author                   = {Chen, J. and Tan, X.},
  Journal                  = {Journal of multivariate analysis},
  Year                     = {2009},
  Pages                    = {1367-1383},
  Volume                   = {100},

  File                     = {:/home/vmaroufy/Documents/Research_UW/PhD Thesis/papers/Inference for multivariate normal mixture model.pdf:PDF},
  Owner                    = {vmaroufy},
  Timestamp                = {2010.11.01}
}

@Article{Chen2008,
  Title                    = {CONSISTENCY OF PENALIZED MLE FOR NORMAL MIXTURES IN MEAN AND VARIANCE},
  Author                   = {Chen, J. and Tan, X. and Zhang, R.},
  Journal                  = {Statistica Sinica},
  Year                     = {2008},
  Pages                    = {443-465},
  Volume                   = {18},

  File                     = {:/home/vmaroufy/Documents/Research_UW/PhD Thesis/papers/CONSISTENCY OF PENALIZED MLE FOR NORMAL MIXTURES IN MEAN AND VARIANCE.pdf:PDF},
  Owner                    = {vmaroufy},
  Timestamp                = {2010.11.01}
}

@Article{Chen2005,
  Title                    = {New analysis of the sphere covering problems and optimal polytope approximation of convex bodies},
  Author                   = {Chen, L.},
  Journal                  = {Journal of Approximation Theory},
  Year                     = {2005},
  Number                   = {1},
  Pages                    = {134-145},
  Volume                   = {133},

  Owner                    = {vmaroufy},
  Timestamp                = {2014.09.29}
}

@Article{Chen2010,
  Title                    = {On the Asymptotic Behaviour of the Pseudolikelihood Ratio Test Statisitic with Boundary Problems},
  Author                   = {Chen, Y. and Liang, K.},
  Journal                  = {Biometrika},
  Year                     = {2010},
  Number                   = {3},
  Pages                    = {603-620},
  Volume                   = {97},

  Owner                    = {vmaroufy},
  Timestamp                = {2013.04.16}
}

@Article{Chen2010a,
  Title                    = {On the Asymptotic Behaviour of the pseudolikelihood ratio test statistic eith boundary problem},
  Author                   = {Chen, Y. and Liang, K.},
  Journal                  = {Biometrika},
  Year                     = {2010},
  Number                   = {3},
  Pages                    = {603-620},
  Volume                   = {97},

  Owner                    = {vmaroufy},
  Timestamp                = {2015.04.27}
}

@Article{Chernoff1953,
  Title                    = {On the distribution of the likelihood ratio},
  Author                   = {Chernoff, H.},
  Journal                  = {The Annals of Mathematical Statistics},
  Year                     = {1953},
  Pages                    = {573-578},

  File                     = {:/home/vmaroufy/Documents/Research_UW/PhD Thesis/papers/on the distribution of likelihood ratio.pdf:PDF},
  Owner                    = {vmaroufy},
  Timestamp                = {2011.03.02}
}

@Article{Chu2008,
  Title                    = {Low-dimensional polytope approximation and its applications to nonnegative matrix factorization},
  Author                   = {Chu, M. T. and Lin, M. M.},
  Journal                  = {SIAM Journal on Scientific Computing},
  Year                     = {2008},
  Number                   = {3},
  Pages                    = {1131-1155},
  Volume                   = {30},

  Owner                    = {vmaroufy},
  Timestamp                = {2014.09.29}
}

@Article{Clayton1978,
  Title                    = {A Model for Association in Bivariate Life Tables and its Application in Epidemiological Studies of Familial Tendency in Chronic Disease Incidence},
  Author                   = {Clayton, D. G.},
  Journal                  = {Biometrika},
  Year                     = {1978},
  Number                   = {1},
  Pages                    = {141-151},
  Volume                   = {65},

  Owner                    = {vmaroufy},
  Timestamp                = {2013.04.16}
}

@Article{Clayton1985,
  Title                    = {Multivariate Generalizations of the Proportional Hazard Model},
  Author                   = {Clayton, D. G. and Cuzick, J.},
  Journal                  = {Journal of the Royal Statistical Society A},
  Year                     = {1985},
  Number                   = {2},
  Pages                    = {82-117},
  Volume                   = {148},

  Owner                    = {vmaroufy},
  Timestamp                = {2013.04.16}
}

@Article{Collings1985,
  Title                    = {Testing Goodness of Fit for the Poisson Assumption When Observations Are Not Identically Distributed},
  Author                   = {Collings, B. J. and Margolin, B. H},
  Journal                  = {Journal of the American Statistical Assiciation},
  Year                     = {1985},
  Pages                    = {411-418},
  Volume                   = {80},

  Owner                    = {vmaroufy},
  Timestamp                = {2012.12.20}
}

@Article{Cook1986,
  Title                    = {Assessment of Local Influence},
  Author                   = {Cook, D. R.},
  Journal                  = {Journal of the Royal Statistical Society},
  Year                     = {1986},
  Number                   = {2},
  Pages                    = {133-169},

  File                     = {:/home/vmaroufy/Documents/Research_UW/PhD Thesis/papers/Assessment of Local Influence.pdf:PDF},
  Owner                    = {vmaroufy},
  Timestamp                = {2011.07.13}
}

@Article{Cook2007,
  Title                    = {The Statistical Analysis of Recurrent Events},
  Author                   = {Cook, R. J. and Lawless, J. F.},
  Year                     = {2007},

  Editor                   = {Gail, M. and Krickeberg, K. and Sarmet, J. and Wong, W.},
  Owner                    = {vmaroufy},
  Publisher                = {Springer},
  Timestamp                = {2014.02.06}
}

@Article{Copas2010,
  Title                    = {Likelihood for statistically equivalent models},
  Author                   = {Copas, J. and Eguchi, S.},
  Journal                  = {Journal of the Royal Statistical Society: Series B (Statistical Methodology)},
  Year                     = {2010},
  Number                   = {2},
  Pages                    = {193-217},
  Volume                   = {72},

  Owner                    = {vmaroufy},
  Timestamp                = {2015.10.24}
}

@Article{Copas2005,
  Title                    = {Local model Uncertainty and incomplete-data bias},
  Author                   = {Copas, J. and Eguchi, S.},
  Journal                  = {Journal of the Royal Statistical Society: Series B (Statistical Methodology)},
  Year                     = {2005},
  Number                   = {4},
  Pages                    = {459-513.},
  Volume                   = {67},

  Owner                    = {vmaroufy},
  Timestamp                = {2016.04.10}
}

@Article{Copas2001,
  Title                    = {Local sensitivity approximations for selectivity bias},
  Author                   = {Copas, J. and Eguchi, S.},
  Journal                  = {Journal of the Royal Statistical Society: Series B (Statistical Methodology)},
  Year                     = {2001},
  Number                   = {4},
  Pages                    = {871-895},
  Volume                   = {63},

  Owner                    = {vmaroufy},
  Timestamp                = {2015.10.24}
}

@Article{Cox1972,
  Title                    = {Regression Models and Life-Tables},
  Author                   = {Cox, D. R.},
  Journal                  = {Journal of the Royal Statistical Society B},
  Year                     = {1972},
  Pages                    = {187-200},
  Volume                   = {34},

  Owner                    = {vmaroufy},
  Timestamp                = {2013.04.16}
}

@Article{Cox1987,
  Title                    = {Parameter Orthogonality and Approximate Conditional Inference},
  Author                   = {Cox, D. R. and Reid, N.},
  Journal                  = {Journal of the Royal Statistical Society},
  Year                     = {1987},
  Number                   = {1},
  Pages                    = {1-39},
  Volume                   = {49},

  Owner                    = {vmaroufy},
  Timestamp                = {2015.02.15}
}

@Article{Critchley2014,
  Title                    = {Computational Information Geometry: Theory and Practice},
  Author                   = {Critchley, F. and Marriott, P.},
  Journal                  = {Entropy},
  Year                     = {2014},
  Pages                    = {2454--2471},
  Volume                   = {16},

  Owner                    = {vmaroufy},
  Timestamp                = {2012.11.22}
}

@Article{Critchley2004,
  Title                    = {Data-informed Influence Analysis},
  Author                   = {Critchley, F. and Marriott, P.},
  Journal                  = {Biometrika},
  Year                     = {2004},
  Number                   = {1},
  Pages                    = {125-140},
  Volume                   = {91},

  File                     = {:/home/vmaroufy/Documents/Research_UW/PhD Thesis/papers/data-informed influence analysis.pdf:PDF},
  Owner                    = {vmaroufy},
  Timestamp                = {2011.07.13}
}

@Article{Critchley2002,
  Title                    = {On Preferred Point geometry In statistics},
  Author                   = {Critchley, F. and Marriott, P. and Salmon, M.},
  Journal                  = {Journal of Statistical Planning and Inference},
  Year                     = {2002},
  Pages                    = {229-245},
  Volume                   = {102},

  Owner                    = {vmaroufy},
  Timestamp                = {2012.10.30}
}

@Article{Critchley1999,
  Title                    = {An Elementry Account of Amari's Expected Geometry},
  Author                   = {Critchley, F. and Marriott, P. and Salmon, M.},
  Journal                  = {Cambridge University Press},
  Year                     = {1999},
  Pages                    = {294-315},

  Owner                    = {vmaroufy},
  Timestamp                = {2012.10.30}
}

@Article{Critchley1994,
  Title                    = {Preferred Point Geometry and the Local Differential Geometry of the Kullback-Leibler Divergence},
  Author                   = {Critchley, F and Marriott, P. and Salmon, M.},
  Journal                  = {The Annals of Statistics},
  Year                     = {1994},
  Number                   = {3},
  Pages                    = {1587-1602},
  Volume                   = {22},

  Owner                    = {vmaroufy},
  Timestamp                = {2012.10.29}
}

@Article{Critchley1993,
  Title                    = {Preferred Point Geometry and Statistical Manifolds},
  Author                   = {Critchley, F. and Marriott, P. and Salmon, M.},
  Journal                  = {The Annals of Statistics},
  Year                     = {1993},
  Number                   = {3},
  Pages                    = {1197-1224},
  Volume                   = {21},

  Owner                    = {vmaroufy},
  Timestamp                = {2012.10.29}
}

@Article{Csiszar2005,
  Title                    = {Closure of Exponential families},
  Author                   = {Csiszar, I. and Matus, F.},
  Journal                  = {The Annals of Probability},
  Year                     = {2005},
  Number                   = {2},
  Pages                    = {582-600},
  Volume                   = {33},

  Owner                    = {vmaroufy},
  Timestamp                = {2014.04.29}
}

@Article{Cuevas2009,
  Title                    = {Set estimation: Another bridge between statistics and geometry},
  Author                   = {Cuevas, A.},
  Journal                  = {Bolet�n de Estad�stica e Investigaci�n Operativa},
  Year                     = {2009},
  Number                   = {2},
  Pages                    = {71-85},
  Volume                   = {25},

  Owner                    = {vmaroufy},
  Timestamp                = {2014.09.29}
}

@Article{Cuevas2010,
  Title                    = {Set Estimation, in New Perspectives on Stochastic Geometry},
  Author                   = {Cuevas, A. and Fraiman, R.},
  Journal                  = {Oxford University Press},
  Year                     = {2010},
  Pages                    = {374-397},

  Owner                    = {vmaroufy},
  Timestamp                = {2014.09.29}
}

@Article{Culter1994,
  Title                    = {Information-based validity functionals for mixture Analysis},
  Author                   = {Culter, A. and Windham},
  Journal                  = {In Proceedings of the First US/Japan Conference on the frontires of Statistical Modeling in Informational Approach},
  Year                     = {1994},
  Pages                    = {149-170},
  Volume                   = {Amsterdam: Kluwer},

  Owner                    = {vmaroufy},
  Timestamp                = {2015.07.16}
}

@Article{Dawid1975,
  Title                    = {Comment on Efron(1975)},
  Author                   = {Dawid, A. D.},
  Journal                  = {The Annals of Statistics},
  Year                     = {1975},
  Pages                    = {1231-1234},

  Owner                    = {vmaroufy},
  Timestamp                = {2012.11.13}
}

@Article{Day1969,
  Title                    = {Estimating the components of a mixture of normal distributions},
  Author                   = {Day, N. E.},
  Journal                  = {Biometrika},
  Year                     = {1969},
  Number                   = {3},
  Pages                    = {463},
  Volume                   = {56},

  File                     = {:/home/vmaroufy/Documents/Research_UW/PhD Thesis/papers/Estimating the components of a mixture of normal distributions.pdf:PDF},
  Owner                    = {vmaroufy},
  Timestamp                = {2010.11.01}
}

@Article{Dean1992,
  Title                    = {Testing for Overdispersion in Poisson and Binomial Regression Models},
  Author                   = {Dean, C. B.},
  Journal                  = {Journal of the American Statistical Assiciation},
  Year                     = {1992},
  Number                   = {418},
  Pages                    = {451-457},
  Volume                   = {87},

  File                     = {:/home/vmaroufy/Documents/Research_UW/PhD Thesis/papers/The Geometry of a two by two contingency table.pdf:PDF},
  Owner                    = {vmaroufy},
  Timestamp                = {2012.04.30}
}

@Article{Dean1989,
  Title                    = {Tests for Detecting Overdispersion in Poison Regression Models},
  Author                   = {Dean, C. B. and Lawless, J. F.},
  Journal                  = {Journal of the American Statistical Assiciation},
  Year                     = {1989},
  Pages                    = {467-472},
  Volume                   = {84},

  Owner                    = {vmaroufy},
  Timestamp                = {2012.12.20}
}

@Article{Dedieu2004,
  Title                    = {Computational Aspects of Newton Method on Riemannian Manifolds: The Case of Submanifolds},
  Author                   = {Dedieu, J. and Nowicki, D.},
  Year                     = {2004},

  Owner                    = {vmaroufy},
  Timestamp                = {2013.07.16}
}

@Article{Dias2010,
  Title                    = {Mixture Hidden markov models in finance research},
  Author                   = {Dias, J. G. and Vermnut, J. K. and Ramos, S.},
  Journal                  = {Studies in Classification, Data analysis, and Knowledge Organization},
  Year                     = {2010},
  Pages                    = {451-459},

  File                     = {:/home/vmaroufy/Documents/Research_UW/PhD Thesis/papers/Mixture Hidden Markov Models in Finance Research.pdf:PDF},
  Owner                    = {vmaroufy},
  Timestamp                = {2010.11.01}
}

@Article{Dieker2014,
  Title                    = {Stochastic Billiards for Sampling form Boundary of a Convex Set},
  Author                   = {Dieker, A. B. and Vempala, S.},
  Journal                  = {arXiv:1410.5775},
  Year                     = {2014},

  Owner                    = {vmaroufy},
  Timestamp                = {2014.09.29}
}

@Book{DoCarmo1976,
  Title                    = {Differential Geometry of Curves and Surfaces},
  Author                   = {Do Carmo, M. P.},
  Publisher                = {Prentice-Hall Englewood Cliffs, NJ},
  Year                     = {1976},
  Volume                   = {2},

  Owner                    = {vmaroufy},
  Timestamp                = {2011.10.26}
}

@Article{Dobra2009,
  Title                    = {Algebraic Statisitics and Contingency Table Problems: Log-Linear Models, Likelihood Estimation, and Disclosure Limitation},
  Author                   = {Dobra, A. and Fienberg, S. E. and Rinaldo, A. and Slavkovic, A. and Zhou, Y.},
  Journal                  = {Emerging applications of algebraic geometry},
  Year                     = {2009},
  Pages                    = {1-26},

  Owner                    = {vmaroufy},
  Timestamp                = {2013.02.05}
}

@Book{Dodson1979,
  Title                    = {Tensor Geometry: the geometric viewpoint and its uses},
  Author                   = {Dodson, C. T. J. and Poston, T.},
  Publisher                = {Springer},
  Year                     = {1979},
  Volume                   = {130},

  Owner                    = {vmaroufy},
  Timestamp                = {2014.06.19}
}

@Article{Donoho1988,
  Title                    = {One-sided inference about functionals of a density},
  Author                   = {Donoho, D. L.},
  Journal                  = {Annals of statistics},
  Year                     = {1988},
  Pages                    = {1390-1420},
  Volume                   = {16},

  Owner                    = {vmaroufy},
  Timestamp                = {2015.07.16}
}

@Article{Dula1998,
  Title                    = {An Algorithm for Identifying the Frame of a Pointed Finite Conical Hull},
  Author                   = {Dula, J. H. and Helgason, R. V. and Venugopal, N.},
  Journal                  = {INFORMS Journal of Computing},
  Year                     = {1998},
  Number                   = {3},
  Pages                    = {323-330},
  Volume                   = {10},

  Owner                    = {vmaroufy},
  Timestamp                = {2013.09.30}
}

@Article{Dumbgen1996,
  Title                    = {Rates of Convergence for Random Approximations of Covex Sets},
  Author                   = {Dumbgen, L. and Walther, G.},
  Journal                  = {Advances in applied probability},
  Year                     = {1996},
  Pages                    = {384-393},

  Owner                    = {vmaroufy},
  Timestamp                = {2014.09.29}
}

@Article{Edmonds1982,
  Title                    = {Brike Decompositions and the Matching Pank of Graphs},
  Author                   = {Edmonds, J. and Lavasz, L. and Pulleyblank, W. R.},
  Journal                  = {Conbinatorica},
  Year                     = {1982},
  Number                   = {3},
  Pages                    = {247-274},
  Volume                   = {2},

  Owner                    = {vmaroufy},
  Timestamp                = {2013.04.03}
}

@Book{Edwards2000,
  Title                    = {Introduction to Graphical Modeling},
  Author                   = {Edwards, D},
  Publisher                = {Springer},
  Year                     = {2000},
  Edition                  = {second},

  Owner                    = {vmaroufy},
  Timestamp                = {2013.01.24}
}

@Article{Efron1975,
  Title                    = {Defining the Curvature of a Statistical Problem (With Application to Second Order Efficiency)},
  Author                   = {Efron, B.},
  Journal                  = {The Annals of Statistics},
  Year                     = {1975},
  Number                   = {6},
  Pages                    = {1189-1242},
  Volume                   = {3},

  File                     = {:/home/vmaroufy/Documents/Research_UW/PhD Thesis/papers/Defining the curvature of a statistical problem.pdf:PDF},
  Owner                    = {vmaroufy},
  Timestamp                = {2012.02.13}
}

@Article{Eguchi1991,
  Title                    = {A Geometric Look at Nuisance Parameter Effects of Local Powers in Testing Hypothesis},
  Author                   = {Eguchi, S.},
  Journal                  = {Annals of the Institute of statistical mathematics},
  Year                     = {1991},
  Pages                    = {245-260},
  Volume                   = {43},

  Owner                    = {vmaroufy},
  Timestamp                = {2012.10.29}
}

@Article{Eguchi1985,
  Title                    = {A Differential Geometric Approach to Statistical Inference on the Basis of Contrast Functionals},
  Author                   = {Eguchi, S.},
  Journal                  = {Hiroshima Math. Part A},
  Year                     = {1985},
  Pages                    = {385-398},
  Volume                   = {38},

  Owner                    = {vmaroufy},
  Timestamp                = {2012.10.29}
}

@Article{Eguchi1983,
  Title                    = {Second Order Efficiency of Minimum Contrast Estimatores in a Curved Exponential Family},
  Author                   = {Eguchi, S.},
  Journal                  = {The Annals of Statistics},
  Year                     = {1983},
  Pages                    = {793-803},
  Volume                   = {11},

  Owner                    = {vmaroufy},
  Timestamp                = {2012.10.29}
}

@Article{Eleber1982,
  Title                    = {True and Spurious Duration Dependence: The Identifiability of the Proportional Hazard Model},
  Author                   = {Eleber, C. and Ridder, G.},
  Journal                  = {Review of Economic Studies},
  Year                     = {1982},
  Pages                    = {403-409},
  Volume                   = {49},

  Owner                    = {vmaroufy},
  Timestamp                = {2013.04.16}
}

@Article{Eriksson2006,
  Title                    = {Polyhedral Conditions for the Nonexistence of the MLE for Hierarchical Log-linear Models},
  Author                   = {Eriksson, N. and Fienberg, S. E. and Rinaldo, A. and Sullivant, S.},
  Journal                  = {Journal of Symbolic Computation},
  Year                     = {2006},
  Pages                    = {222-233},
  Volume                   = {41},

  Owner                    = {vmaroufy},
  Timestamp                = {2013.01.29}
}

@Article{Everitt1996,
  Title                    = {An Introduction to Finite Mixture Distributions},
  Author                   = {Everitt, B. S.},
  Journal                  = {Statistical Methods in Medical Research},
  Year                     = {1996},
  Number                   = {2},
  Pages                    = {107-127},
  Volume                   = {5},

  Owner                    = {vmaroufy},
  Timestamp                = {2015.10.16}
}

@Book{Evrritt1981,
  Title                    = {Finite Mixture Distributions},
  Author                   = {Everitt, B. S. and Hand, D. J.},
  Publisher                = {Chapman and Hall},
  Year                     = {1981},

  Owner                    = {vmaroufy},
  Timestamp                = {2011.02.08}
}

@Book{Eye2013,
  Title                    = {Log-linear Modeling; Concepts, Interpretation, and Application},
  Author                   = {Eye, A. V. and Mun, E. Y.},
  Publisher                = {John Wiley and sons},
  Year                     = {2013},

  Owner                    = {vmaroufy},
  Timestamp                = {2013.10.09}
}

@Article{Farewell1988,
  Title                    = {The use of a mixture model in the analysis of count data},
  Author                   = {Farewell, V. T., and Sprott, D. A.},
  Journal                  = {Biometrics},
  Year                     = {1988},
  Pages                    = {1191-1194},
  Volume                   = {44},

  File                     = {:/home/vmaroufy/Documents/Research_UW/PhD Thesis/papers/The use of mixture model in the analysis of count data.pdf:PDF},
  Owner                    = {vmaroufy},
  Timestamp                = {2011.02.08}
}

@Article{Fienberg1968,
  Title                    = {The Geometry of an r by c Contingency Table},
  Author                   = {Fienberg, S. E},
  Journal                  = {The Annals Mathematical Statistics},
  Year                     = {1968},
  Pages                    = {1186-1190},
  Volume                   = {39},

  Owner                    = {vmaroufy},
  Timestamp                = {2012.11.28}
}

@Article{Fienberg1970,
  Title                    = {The Geometry of a two by two Contingency Table},
  Author                   = {Fienberg, S. E. and Gilbert, J. P.},
  Journal                  = {Journal of the American Statistical Association},
  Year                     = {1970},
  Pages                    = {694-701},

  File                     = {:/home/vmaroufy/Documents/Research_UW/PhD Thesis/papers/The Geometry of a two by two contingency table.pdf:PDF},
  Owner                    = {vmaroufy},
  Timestamp                = {2011.11.11}
}

@Article{Fienberg2012,
  Title                    = {Maximum Likelihood Estimation in Log-Linear Models},
  Author                   = {Fienberg, S. E. and Rinaldo, A.},
  Journal                  = {The Annals of Statistics},
  Year                     = {2012},
  Number                   = {2},
  Pages                    = {996-1023},
  Volume                   = {40},

  Owner                    = {vmaroufy},
  Timestamp                = {2013.01.15}
}

@TechReport{Fienberg2006,
  Title                    = {Computing Maximum Likelihood Estimates in Log-linear Models},
  Author                   = {Fienberg, S. E. and Rinaldo, A.},
  Institution              = {Department of Statistics, Carnegie Mellon University},
  Year                     = {2006},
  Number                   = {835},

  Owner                    = {vmaroufy},
  Timestamp                = {2013.10.03}
}

@Article{Fisher1950,
  Title                    = {The Significance of Deviations from Expansion in a Poisson Series},
  Author                   = {Fisher, R. A},
  Journal                  = {Biometrics},
  Year                     = {1950},
  Pages                    = {17-24},
  Volume                   = {6},

  Owner                    = {vmaroufy},
  Timestamp                = {2012.12.20}
}

@Article{Frome1983,
  Title                    = {The Analysis of Rates Using Poisson Regression Models},
  Author                   = {Frome, E. L.},
  Journal                  = {Biometrics},
  Year                     = {1983},
  Pages                    = {665-674},
  Volume                   = {39},

  Owner                    = {vmaroufy},
  Timestamp                = {2012.12.20}
}

@Article{Fuchs1994,
  Title                    = {Effect of Aerosolized Recombinant Human DNase on Exacerbations of Respiratory Symptoms on Pulmonary Function in Paitients with Cystic Fibrosis},
  Author                   = {Fuchs, H. J. and Borowitz. D. S. and Christiansen, D. H. and Morris, E. M. and Nash, M. L. and Ramsey,B. W. and Rosenstein, B. J. and Smith, A. L. and Wohl, M. E.},
  Journal                  = {New Eng. J. Med},
  Year                     = {1994},
  Pages                    = {637-643},
  Volume                   = {331},

  Owner                    = {vmaroufy},
  Timestamp                = {2014.02.06}
}

@Article{Fukuda2004,
  Title                    = {From the zonotope construction to the Minkowski addition of convex polytopes},
  Author                   = {Fukuda, K.},
  Journal                  = {Journal of Symbolic Computation},
  Year                     = {2004},
  Number                   = {4},
  Pages                    = {1261-1272},
  Volume                   = {38},

  Owner                    = {vmaroufy},
  Timestamp                = {2014.10.06}
}

@Article{Fukumizu2005,
  Title                    = {Infinite Dimensional Exponential Families by Reproducing Kernel Hlbert Spaces},
  Author                   = {Fukumizu, K.},
  Journal                  = {2nd International Symposium on Information Geometry and its Applications},
  Year                     = {2005},

  Owner                    = {vmaroufy},
  Timestamp                = {2012.11.13}
}

@Article{Gan1999,
  Title                    = {A Test for Global Maximum},
  Author                   = {Gan, L. and Jiang, J.},
  Journal                  = {Journal of the American Statistical Assiciation},
  Year                     = {1999},
  Number                   = {447},
  Pages                    = {847-854},
  Volume                   = {94},

  Owner                    = {vmaroufy},
  Timestamp                = {2015.10.16}
}

@Article{Geiger2006,
  Title                    = {On the Toric Algebra of Graphical models},
  Author                   = {Geiger, D. and Meek, Ch. and Sturmfels, B.},
  Journal                  = {The Annals of Statistics},
  Year                     = {2006},
  Number                   = {3},
  Pages                    = {1463-1492},
  Volume                   = {34},

  File                     = {:/home/vmaroufy/Documents/Research_UW/PhD Thesis/papers/ON THE TORIC ALGEBRA OF GRAPHICAL MODELS .pdf:PDF},
  Owner                    = {vmaroufy},
  Timestamp                = {2012.02.09}
}

@Book{Gelman2007,
  Title                    = {Replication data for: Bayesian Data Analysis},
  Author                   = {Gelman, A. and Carlin, J. B. and Stern, H. S and Rubin, D. B.},
  Year                     = {2007},
  Edition                  = {Second},

  Owner                    = {vmaroufy},
  Timestamp                = {2015.10.14}
}

@Article{Geyer2009,
  Title                    = {Likelihood inference in Exponential familes and direction of recession},
  Author                   = {Geyer, C. J.},
  Journal                  = {Electronic Journal of Statistics},
  Year                     = {2009},
  Pages                    = {259-289},
  Volume                   = {3},

  Owner                    = {vmaroufy},
  Timestamp                = {2014.10.06}
}

@Article{Ghomi2004,
  Title                    = {Optimal Smoothing for Convex Polytopes},
  Author                   = {Ghomi, M.},
  Journal                  = {Bulletin of the London Mathematical Society},
  Year                     = {2004},
  Number                   = {4},
  Pages                    = {483-492},
  Volume                   = {36},

  Owner                    = {vmaroufy},
  Timestamp                = {2013.11.14}
}

@Article{Ghomi2001,
  Title                    = {Strictly convex submanifolds and hypersurfaces of positive curvature},
  Author                   = {Ghomi, M.},
  Journal                  = {Journal of Differential Geometry},
  Year                     = {2001},
  Number                   = {2},
  Pages                    = {239-271},
  Volume                   = {57},

  Owner                    = {vmaroufy},
  Timestamp                = {2014.09.29}
}

@Book{Gibilisco2010,
  Title                    = {Algebraic and Geometric Methods in Statisitics},
  Author                   = {Gibilisco, P. and Riccomagno, E. and Rogantin, M. P. and Wynn, H. P.},
  Publisher                = {Cambridge University Press},
  Year                     = {2010},

  Owner                    = {vmaroufy},
  Timestamp                = {2012.11.13}
}

@Article{Glasauer1996,
  Title                    = {Asymptotic Approximation of Smooth Convex Bodies by Polytopes},
  Author                   = {Glasauer, S. and Schneider, R.},
  Journal                  = {Forum Mathematicum},
  Year                     = {1996},
  Number                   = {3},
  Pages                    = {363-377},
  Volume                   = {8},

  Owner                    = {vmaroufy},
  Timestamp                = {2014.01.09}
}

@Article{Goldman2005,
  Title                    = {Curvature Formulas for Implicit Curves and Surfaces},
  Author                   = {Goldman, R.},
  Journal                  = {Computer Aided Geometric Design},
  Year                     = {2005},
  Number                   = {7},
  Pages                    = {632-658},
  Volume                   = {22},

  Owner                    = {vmaroufy},
  Timestamp                = {2013.12.09}
}

@Article{Gorfine2006,
  Title                    = {Prospective Survival Analysis with General Semiparametric Shared Frialty Model: A Pseudo Full Likelihood Approach},
  Author                   = {Gorfine, M. and Zucher, D. M. and Hsu, L.},
  Journal                  = {Biometrika},
  Year                     = {2006},
  Number                   = {3},
  Pages                    = {735-741},
  Volume                   = {93},

  File                     = {:/home/vmaroufy/Documents/Research_UW/PhD Thesis/papers/Prospective survival analysis with a general semiparametric shared frailty model.pdf:PDF},
  Owner                    = {vmaroufy},
  Timestamp                = {2012.04.30}
}

@Book{Grotschel1988,
  Title                    = {Geometric Algorithms and Combinatorial Optimization},
  Author                   = {Grotschel, M. and Lovasz, L. and Schrijver, A.},
  Publisher                = {Springer-Verlag Berlin Heidelberg},
  Year                     = {1988},

  Owner                    = {vmaroufy},
  Timestamp                = {2013.04.03}
}

@Article{Gupta2010,
  Title                    = {Local score tests in micture exponential family with fixed mean},
  Author                   = {Gupta, A. K. and Wu, Y.},
  Journal                  = {Journal of Statistical Theory and Practice},
  Year                     = {2010},
  Number                   = {757-771},
  Volume                   = {4.4},

  Owner                    = {vmaroufy},
  Timestamp                = {2015.06.22}
}

@Article{Gustafson1996,
  Title                    = {Local Sensitivity of Posterior Expectations},
  Author                   = {Gustafson, P.},
  Journal                  = {The Annals of Statistics},
  Year                     = {1996},
  Number                   = {1},
  Pages                    = {174-195},
  Volume                   = {24},

  File                     = {:/home/vmaroufy/Documents/Research_UW/PhD Thesis/papers/LOCAL SENSITIVITY OF POSTERIOR EXPECTATIONS.pdf:PDF},
  Owner                    = {vmaroufy},
  Timestamp                = {2011.07.13}
}

@Article{Hall2005,
  Title                    = {Theoretical Analysis of Power in a Two-componet Normal Mixture Model},
  Author                   = {Hall, P. and Stewart, M.},
  Journal                  = {Journal of Statistical Planning and Inference},
  Year                     = {2005},
  Pages                    = {158-179},
  Volume                   = {134},

  Owner                    = {vmaroufy},
  Timestamp                = {2015.06.17}
}

@Book{Hammersley1964,
  Title                    = {Monte Carlo Methods},
  Author                   = {Hammersley, J. M. and Handscomb, D. C},
  Publisher                = {Methuen and Co., London},
  Year                     = {1964},

  Owner                    = {vmaroufy},
  Timestamp                = {2013.08.20}
}

@Article{Hartmann1999,
  Title                    = {On the Curvature of Curves and Surfaces Defined by Normalforms},
  Author                   = {Hartmann, E.},
  Journal                  = {Computer Aided Geometric Design},
  Year                     = {1999},
  Number                   = {5},
  Pages                    = {355-376},
  Volume                   = {16},

  Owner                    = {vmaroufy},
  Timestamp                = {2013.12.09}
}

@Article{Henderson2002,
  Title                    = {Modeling patial variation in Leukemia urvival data},
  Author                   = {Henderson, R. and Shimakura, S. and Gorst, D.},
  Journal                  = {Journal of the American Statistical Assiciation},
  Year                     = {2002},
  Number                   = {460},
  Pages                    = {965-972},
  Volume                   = {97},

  Owner                    = {vmaroufy},
  Timestamp                = {2016.04.11}
}

@Article{Hirose2011,
  Title                    = {Efficiency of profile likelihood in semi-parametric models},
  Author                   = {Hirose, Y.},
  Journal                  = {The Institute of Statistical Mathematics},
  Year                     = {2011},
  Pages                    = {1247-1275},
  Volume                   = {63},

  Owner                    = {vmaroufy},
  Timestamp                = {2015.04.27}
}

@Article{Hoffmann2003,
  Title                    = {Developable Surface Modeling by Neural Network},
  Author                   = {Hoffmann, M. and Kovacs, E.},
  Journal                  = {Mathematical and computer modeling},
  Year                     = {2003},
  Number                   = {7-9},
  Pages                    = {849-853},
  Volume                   = {38},

  File                     = {:/home/vmaroufy/Documents/Research_UW/PhD Thesis/papers/DEVELOPABLE SURFACE MODELLING BY NEURAL NETWORK.pdf:PDF},
  Owner                    = {vmaroufy},
  Timestamp                = {2011.11.01}
}

@Book{Horowitz2010,
  Title                    = {Semiparametric and Nonparametric Methods in Econometrics},
  Author                   = {Horowitz, J. L.},
  Publisher                = {Springer},
  Year                     = {2010},

  Owner                    = {vmaroufy},
  Timestamp                = {2014.12.01}
}

@Article{Horowitz1999,
  Title                    = {Semiparametric Estimation of a Proportional hazard Model with Unobserved Hetrogeneity},
  Author                   = {Horowitz, J. L.},
  Journal                  = {Econometrica},
  Year                     = {1999},
  Number                   = {5},
  Pages                    = {1001-1028},
  Volume                   = {67},

  Owner                    = {vmaroufy},
  Timestamp                = {2014.12.01}
}

@Article{Hougaard1986,
  Title                    = {A Class of Multivariate Failure Time Distributions},
  Author                   = {Hougaard, P.},
  Journal                  = {Biometrika},
  Year                     = {1986},
  Number                   = {3},
  Pages                    = {671-678},
  Volume                   = {73},

  Owner                    = {vmaroufy},
  Timestamp                = {2013.04.16}
}

@Article{Hougaard1986a,
  Title                    = {Survival Models for Heterogeneus Population Derived from Stable Distributions},
  Author                   = {Hougaard, P.},
  Journal                  = {Biometrika},
  Year                     = {1986},
  Number                   = {2},
  Pages                    = {387-396},
  Volume                   = {73},

  Owner                    = {vmaroufy},
  Timestamp                = {2013.04.16}
}

@Article{Hougaard1984,
  Title                    = {Life Table Methods for Heterogeneous Populations: Distributions Describing the Heterogeneity},
  Author                   = {Hougaard, P.},
  Journal                  = {Biometrika},
  Year                     = {1984},
  Number                   = {1},
  Pages                    = {75-83},
  Volume                   = {71},

  Owner                    = {vmaroufy},
  Timestamp                = {2013.04.17}
}

@Article{Hsu2004,
  Title                    = {Semiparametric Estimation of Marginal Hazard Function from Case-Control Family Studies},
  Author                   = {Hsu, L. and Chen, L. and Gorfine, M. and Malone, K.},
  Journal                  = {Biometrics},
  Year                     = {2004},
  Pages                    = {936-944},
  Volume                   = {60},

  Owner                    = {vmaroufy},
  Timestamp                = {2013.06.11}
}

@Article{Hu2011,
  Title                    = {Time-Dependent Cross Ratio Estimation for Bivariate Failure times},
  Author                   = {Hu, T. and Nan, B. and Lin, X. and Robbins, J. M.},
  Journal                  = {Biometrika},
  Year                     = {2011},
  Number                   = {2},
  Pages                    = {341-354},
  Volume                   = {98},

  Owner                    = {vmaroufy},
  Timestamp                = {2013.04.16}
}

@Article{Huffman1976,
  Title                    = {Curvature and Creasing: A primer paper},
  Author                   = {Huffman, D.A.},
  Journal                  = {Computer, IEEE Transactions on},
  Year                     = {1976},
  Number                   = {10},
  Pages                    = {1010-1019},
  Volume                   = {100},

  File                     = {:/home/vmaroufy/Documents/Research_UW/PhD Thesis/papers/Curvature and Creases A Primer on Paper.pdf:PDF},
  Owner                    = {vmaroufy},
  Timestamp                = {2011.10.25}
}

@Article{Huper2004,
  Title                    = {Newton-like Methods for Numerical Optimization on Manifolds},
  Author                   = {Huper, K. and Johen, T.},
  Journal                  = {In Conference Record of the 38thAsilomar Conference on Signal, System and Computers},
  Year                     = {2004},
  Pages                    = {136-139},
  Volume                   = {1},

  Owner                    = {vmaroufy},
  Timestamp                = {2013.07.17}
}

@Book{Insua2000,
  Title                    = {Robust Bayesian Analysis},
  Author                   = {Insua, D. R. and Ruggeri, F.},
  Publisher                = {New York: Springer},
  Year                     = {2000},

  Owner                    = {vmaroufy},
  Timestamp                = {2014.05.27}
}

@Book{Jeffreys1939,
  Title                    = {Theory of Probability},
  Author                   = {Jeffreys, H.},
  Editor                   = {Oxford, UK : Oxford University Press},
  Year                     = {1939},

  Owner                    = {vmaroufy},
  Timestamp                = {2012.10.29}
}

@Article{Jeffreys1946,
  Title                    = {An Invariant form for the Prior Probability in Estimation Problems},
  Author                   = {Jeffreys, H.},
  Journal                  = {Proceedings of the Royal Society of London, Series A, Mathematical and Physical Sciences},
  Year                     = {1946},
  Pages                    = {453-461},
  Volume                   = {186},

  Owner                    = {vmaroufy},
  Timestamp                = {2012.10.29}
}

@Article{Ji2005,
  Title                    = {Applications of beta-mixture models in bioinformatics},
  Author                   = {Ji, Y. and Wu, C. and Liu, P. and Wang, J. and Coombes, K.R.},
  Journal                  = {Bioinformatics},
  Year                     = {2005},
  Number                   = {9},
  Pages                    = {2118},
  Volume                   = {21},

  File                     = {:/home/vmaroufy/Documents/Research_UW/PhD Thesis/papers/Applications of beta-mixture models in bioinformatics.pdf:PDF},
  Owner                    = {vmaroufy},
  Timestamp                = {2010.10.30}
}

@Article{Johansen1983,
  Title                    = {An Extenssion of {C}ox's Regression Model},
  Author                   = {Johansen, S.},
  Journal                  = {International Statistical Review},
  Year                     = {1983},
  Pages                    = {258-262},
  Volume                   = {51},

  Owner                    = {vmaroufy},
  Timestamp                = {2013.04.16}
}

@Book{Jorgensen1997,
  Title                    = {The Theory of Dispersion Models},
  Author                   = {Jorgensen, B.},
  Publisher                = {London: Chapman and Hull},
  Year                     = {1997},

  Owner                    = {vmaroufy},
  Timestamp                = {2013.04.19}
}

@Book{Kass1997,
  Title                    = {Geometrical Foundations of Asymptotic Inference},
  Author                   = {Kass, R. E. and Vos, P. W.},
  Publisher                = {John Wiley and sons},
  Year                     = {1997},

  Owner                    = {vmaroufy},
  Timestamp                = {2012.02.09}
}

@Article{Keifer1956,
  Title                    = {Concistency of the maximum likelihood estimator in the presenc of infinilely many incidental parameters},
  Author                   = {Keifer, J. and Wolfowitz, J.},
  Journal                  = {The Annals Mathematical Statistics},
  Year                     = {1956},
  Pages                    = {886-906},
  Volume                   = {27},

  File                     = {:/home/vmaroufy/Documents/Research_UW/PhD Thesis/papers/Consistency of the Maximum Likelihood Estimator in the Presence of Infinitely Many Incidental Parameters.pdf:PDF},
  Owner                    = {vmaroufy},
  Timestamp                = {2011.03.09}
}

@Article{Kilian2008,
  Title                    = {Developable Surfaces with Curved Creases},
  Author                   = {Kilian, M and Fl{\"o}ry, S and Mitra, NJ. and Sheffer, A. and Pottmann, H.},
  Journal                  = {Proc. AAG},
  Year                     = {2008},
  Pages                    = {33-36},

  File                     = {:/home/vmaroufy/Documents/Research_UW/PhD Thesis/papers/Developable Surfaces with Curved Creases.pdf:PDF},
  Owner                    = {vmaroufy},
  Timestamp                = {2011.10.31}
}

@Article{Klein1992,
  Title                    = {Semiparametric Estimation of Random Effects Using Cox Model Based on the EM Algorithm},
  Author                   = {Klein, J. P.},
  Journal                  = {Biometrics},
  Year                     = {1992},
  Pages                    = {795-806},
  Volume                   = {48},

  Owner                    = {vmaroufy},
  Timestamp                = {2012.05.30}
}

@Article{Kumon1984,
  Title                    = {Estimation of structure parameter in the presence of a large number of nuisance parameters},
  Author                   = {Kumon, M. and Amari, S.},
  Journal                  = {Biometrka},
  Year                     = {1984},
  Number                   = {3},
  Pages                    = {445-459},
  Volume                   = {71},

  Owner                    = {vmaroufy},
  Timestamp                = {2015.04.27}
}

@Book{Lauritzen1996,
  Title                    = {Graphical Models},
  Author                   = {Lauritzen, S. L.},
  Publisher                = {Clarendon Press, Oxford},
  Year                     = {1996},

  Owner                    = {vmaroufy},
  Timestamp                = {2012.11.29}
}

@Article{Lauritzen1987,
  Title                    = {Statistical Manifolds. In Differential Geometry in Statistical Inference},
  Author                   = {Lauritzen, S. L.},
  Journal                  = {Institute of Mathematical Statistics, Harward, Ca.},
  Year                     = {1987},
  Pages                    = {163-216},

  Owner                    = {vmaroufy},
  Timestamp                = {2012.10.29}
}

@Article{Lavine1991,
  Title                    = {The Prior and the likelihood},
  Author                   = {Lavine, M.},
  Journal                  = {Journal of the American Statistical Assiciation},
  Year                     = {1991},
  Pages                    = {396-399},
  Volume                   = {86},

  Owner                    = {vmaroufy},
  Timestamp                = {2014.05.27}
}

@Book{Lawless1981,
  Title                    = {Statistical Models and Methods for Lifetime Data},
  Author                   = {Lawless, J. F.},
  Publisher                = {Wiley},
  Year                     = {1981},

  Owner                    = {vmaroufy},
  Timestamp                = {2012.05.30}
}

@Article{Lawley1956,
  Title                    = {A General Method for Approximating to the Distribution of Likelihood Ratio Criteria},
  Author                   = {Lawley, D. N.},
  Journal                  = {Biometrika},
  Year                     = {1956},
  Number                   = {3},
  Pages                    = {295-303},
  Volume                   = {43},

  Owner                    = {vmaroufy},
  Timestamp                = {2012.10.29}
}

@Article{Leorox1992,
  Title                    = {Consistent estimation of a mixing distribution},
  Author                   = {Leorox, B. G.},
  Journal                  = {The Annals of Statistics},
  Year                     = {1992},
  Number                   = {3},
  Pages                    = {1350-1360},
  Volume                   = {20},

  Owner                    = {vmaroufy},
  Timestamp                = {2015.10.16}
}

@Article{Li2010,
  Title                    = {Testing the Order of a Finite Mixture},
  Author                   = {Li, P. and Chen, J.},
  Journal                  = {Journal of the American Statistical Association},
  Year                     = {2010},
  Pages                    = {1084-1092},
  Volume                   = {105:491},

  Owner                    = {vmaroufy},
  Timestamp                = {2013.08.17}
}

@Article{Li2008,
  Title                    = {Non-finite Fisher information and homogeneity: an {EM} approach},
  Author                   = {Li, P. and Chen, J. and Marriott, P},
  Journal                  = {Biometrika},
  Year                     = {2009},
  Pages                    = {1-16},

  File                     = {:/home/vmaroufy/Documents/Research_UW/PhD Thesis/papers/Non-finite Fisher information and homogeneity and EM algorithm.pdf:PDF},
  Owner                    = {vmaroufy},
  Timestamp                = {2011.02.24}
}

@Article{Linde2007,
  Title                    = {Local Influence on Posterior Distributions Under Multiplicative Models of Perturbation},
  Author                   = {Linde, V. D. A.},
  Journal                  = {Bayesian Analysis},
  Year                     = {2007},
  Number                   = {2},
  Pages                    = {319-332},
  Volume                   = {2},

  File                     = {:/home/vmaroufy/Documents/Research_UW/PhD Thesis/papers/Local Influence on Posterior Distributions under Multiplicative Modes of Perturbation.pdf:PDF},
  Owner                    = {vmaroufy},
  Timestamp                = {2011.07.13}
}

@Article{Lindley1997,
  Title                    = {The choice of sample size},
  Author                   = {Lindley, D. V.},
  Journal                  = {Journal of the Royal Statistical Society: Series D (The Statistician)},
  Year                     = {1997},
  Number                   = {2},
  Pages                    = {129-138},
  Volume                   = {46},

  Owner                    = {vmaroufy},
  Timestamp                = {2016.04.20}
}

@Book{Lindsay1995,
  Title                    = {Mixture Models: Theory, Geometry and Applications},
  Author                   = {Lindsay, B. G.},
  Publisher                = {Inst of Mathematical Statistics},
  Year                     = {1995},

  Owner                    = {vmaroufy},
  Timestamp                = {2010.11.01}
}

@Article{Lindsay1993a,
  Title                    = {Uniqueness of estimation and identifiability in mixture models},
  Author                   = {Lindsay, B. G.},
  Journal                  = {Canadian Journal of Statistics},
  Year                     = {1993},
  Number                   = {2},
  Pages                    = {139-147},
  Volume                   = {21},

  Owner                    = {vmaroufy},
  Timestamp                = {2015.10.16}
}

@Article{Lindsay1993,
  Title                    = {Multivariate normal mixtures: A first},
  Author                   = {Lindsay, B. G. and Basak, P.},
  Journal                  = {Journal of the American Statististical Association},
  Year                     = {1993},
  Number                   = {422},
  Pages                    = {468-476},
  Volume                   = {88},

  File                     = {:/home/vmaroufy/Documents/Research_UW/PhD Thesis/papers/Multivariate Normal Mixtures\: A Fast Consistent Method of Moments.pdf:PDF},
  Owner                    = {rramezan},
  Timestamp                = {2010.11.01}
}

@Article{Liu2003,
  Title                    = {Testing homogeneity in Gamma mixture models},
  Author                   = {Liu, X. and Pasarica, C. and Shao, Y.},
  Journal                  = {Scandinavian Journal of Statistics},
  Year                     = {2003},
  Pages                    = {227-239},
  Volume                   = {30},

  Owner                    = {vmaroufy},
  Timestamp                = {2015.06.17}
}

@Article{Lopez2008,
  Title                    = {Hausdorff Approximation of 3D Convex Polytopes},
  Author                   = {Lopez, M. and Reisner, S.},
  Journal                  = {Information Processing Letters},
  Year                     = {2008},
  Number                   = {2},
  Pages                    = {76-82},
  Volume                   = {107},

  Owner                    = {vmaroufy},
  Timestamp                = {2014.09.29}
}

@Article{Maciejowska2013,
  Title                    = {Assessing the number of components of a normal mixture: an alternative appraoch},
  Author                   = {Maciejowska, K.},
  Journal                  = {University Library of Munich},
  Year                     = {2013},
  Number                   = {No. 50303},

  Owner                    = {vmaroufy},
  Timestamp                = {2015.06.22}
}

@Article{Maclean1976,
  Title                    = {Skewness in commingled distributions},
  Author                   = {Maclean, C. J. and Morton, N. E. and Elston, R. C. and Yee, S.},
  Journal                  = {Biometrics},
  Year                     = {1976},
  Pages                    = {695-699},
  Volume                   = {32},

  Owner                    = {vmaroufy},
  Timestamp                = {2015.06.15}
}

@Article{Madonald1979,
  Title                    = {Age groups from size-frequency data: a versatile and different method of analysing distribution mixtures},
  Author                   = {Madonald, P. D. M. and Pitcher, T. J.},
  Journal                  = {Fish. Res. Bd. Can.},
  Year                     = {1979},
  Pages                    = {987-1001},
  Volume                   = {36},

  Owner                    = {vmaroufy},
  Timestamp                = {2011.02.17}
}

@Article{Malago2010,
  Title                    = {A note on the border of an exponential family},
  Author                   = {Malago, L. and Pistone, G.},
  Journal                  = {arXiv preprint arXiv:1012.0637},
  Year                     = {2010},

  Owner                    = {vmaroufy},
  Timestamp                = {2014.04.25}
}

@Article{Mao2007,
  Title                    = {Estimating population sizes for capture-recapture sampling with binomial mixtures},
  Author                   = {Mao, C. X.},
  Journal                  = {computational statistics and data analysis},
  Year                     = {2007},
  Pages                    = {5211-5219},
  Volume                   = {51},

  File                     = {:/home/vmaroufy/Documents/Research_UW/PhD Thesis/papers/Estimating population sizes for capture-recapture sampling with binomial mixtures.pdf:PDF},
  Owner                    = {vmaroufy},
  Timestamp                = {2010.11.01}
}

@Article{Maroufy2016,
  Title                    = {On the effect of generalising frailty assumptions in survival analysis},
  Author                   = {Maroufy, V. and Marriott, P.},
  Journal                  = {Journal of the Amercan Statistical Association, in submision},
  Year                     = {2016},

  Owner                    = {vmaroufy},
  Timestamp                = {2014.10.01}
}

@Article{Maroufy2016a,
  Title                    = {Mixture Models: Building a Parameter Space},
  Author                   = {Maroufy, V. and Marriott, P.},
  Journal                  = {Statistics and Computing},
  Year                     = {2016},
  Pages                    = {1-7},

  Owner                    = {vmaroufy},
  Timestamp                = {2015.10.14}
}

@Article{Maroufy2015,
  Title                    = {Computing Boundaries in Local Mixture Models},
  Author                   = {Maroufy, V. and Marriott, P},
  Journal                  = {Geometric Science of Information, Lecture Notes in Computer Science},
  Year                     = {2015},
  Number                   = {9389},
  Pages                    = {577-585},

  Owner                    = {vmaroufy},
  Timestamp                = {2015.06.15}
}

@Article{Maroufya,
  Title                    = {Local and Global Robustness in Conjugate Bayesian Analysis},
  Author                   = {Maroufy, V. and Marriott, P.},
  Journal                  = {Unpublished Manuscript},
  Year                     = {2015},

  Owner                    = {vmaroufy},
  Timestamp                = {2014.10.01}
}

@Article{Marriott2006,
  Title                    = {Extending local mixture models},
  Author                   = {Marriott, P.},
  Journal                  = {AISM},
  Year                     = {2006},
  Pages                    = {95-110},
  Volume                   = {59},

  File                     = {:/home/vmaroufy/Documents/Research_UW/PhD Thesis/papers/Extending local mixture models.pdf:PDF},
  Owner                    = {vmaroufy},
  Timestamp                = {2010.11.01}
}

@Article{marriott2003geometry,
  Title                    = {On the geometry of measurement error models},
  Author                   = {Marriott, P},
  Journal                  = {Biometrika},
  Year                     = {2003},
  Number                   = {3},
  Pages                    = {567-576},
  Volume                   = {90},

  Owner                    = {vmaroufy},
  Timestamp                = {2015.06.15}
}

@Article{Marriott2002,
  Title                    = {On the local geometry of mixture models},
  Author                   = {Marriott, P.},
  Journal                  = {Biometrika},
  Year                     = {2002},
  Pages                    = {77-93},
  Volume                   = {89},

  File                     = {:/home/vmaroufy/Documents/Research_UW/PhD Thesis/papers/on the local geometry of mixture model.pdf:PDF},
  Owner                    = {vmaroufy},
  Timestamp                = {2010.11.01}
}

@PhdThesis{Marriott1989,
  Title                    = {Applications of Differential Geometry to Statistics},
  Author                   = {Marriott, P.},
  School                   = {University of Warwick},
  Year                     = {1989},

  Owner                    = {vmaroufy},
  Timestamp                = {2012.10.29}
}

@Book{Marriott2000,
  Title                    = {Applications of Differential Geometry to Econometrics},
  Author                   = {Marriott, P. and Salmon, M.},
  Publisher                = {Cambridge University Press},
  Year                     = {2000},

  Owner                    = {vmaroufy},
  Timestamp                = {2012.11.26}
}

@Article{Marriott2004,
  Title                    = {On the Global Geometry of Parametric Models and Information Recovery},
  Author                   = {Marriott, P. and Vos, P. W.},
  Journal                  = {Bernoulli},
  Year                     = {2004},
  Number                   = {4},
  Pages                    = {639-649},
  Volume                   = {10},

  Owner                    = {vmaroufy},
  Timestamp                = {2012.11.22}
}

@Article{Marsaglia1972,
  Title                    = {Choosing a Point from the Surface of a Sphere},
  Author                   = {Marsaglia, G.},
  Journal                  = {The Annals of Mathematical Statistics},
  Year                     = {1972},
  Number                   = {2},
  Pages                    = {645-646},
  Volume                   = {43},

  Owner                    = {vmaroufy},
  Timestamp                = {2014.01.09}
}

@Article{Martinussen2011,
  Title                    = {The {A}alen Additive gamma Frailty Hazard Model},
  Author                   = {Martinussen, T. and Scheike, T. H. and Zucker, D. M.},
  Journal                  = {Biometrika},
  Year                     = {2011},
  Number                   = {4},
  Pages                    = {831-843},
  Volume                   = {98},

  Owner                    = {vmaroufy},
  Timestamp                = {2013.04.16}
}

@Book{Matousek2002,
  Title                    = {Lectures on Discrete Geometry},
  Author                   = {Matousek, J},
  Publisher                = {Springer},
  Year                     = {2002},
  Volume                   = {212},

  Owner                    = {vmaroufy},
  Timestamp                = {2014.06.05}
}

@Book{Mccullagh1987,
  Title                    = {Tensor Methods in Statistics},
  Author                   = {McCullagh, P.},
  Publisher                = {Chapman and Hall},
  Year                     = {1987},

  Owner                    = {vmaroufy},
  Timestamp                = {2012.11.09}
}

@Article{McCullagh1986,
  Title                    = {Invariants and likelihood ratio statistics},
  Author                   = {McCullagh, P. and Cox, D. R.},
  Journal                  = {Annals of Statistics},
  Year                     = {1986},

  Owner                    = {vmaroufy},
  Timestamp                = {2014.07.02}
}

@Article{Mcculloch1989,
  Title                    = {Local model Influence},
  Author                   = {McCulloch, R. E},
  Journal                  = {Journal of the American Statistical Association},
  Year                     = {1989},
  Number                   = {406},
  Pages                    = {473-478},
  Volume                   = {84},

  File                     = {:/home/vmaroufy/Documents/Research_UW/PhD Thesis/papers/Local Model Influence.pdf:PDF},
  Owner                    = {vmaroufy},
  Timestamp                = {2011.07.13}
}

@Book{Maclachlan1988,
  Title                    = {Mixture Models: inference and applications to clustering},
  Author                   = {Mclachlan, G. and Kaye, B.},
  Publisher                = {New York, N.Y. :M.Dekker},
  Year                     = {1988},

  Owner                    = {vmaroufy},
  Timestamp                = {2011.02.17}
}

@Book{Mclachlan2000,
  Title                    = {Finite Mixture Models},
  Author                   = {Mclachlan, G. and Peel, D},
  Publisher                = {John Wiley and sons},
  Year                     = {2000},

  Owner                    = {vmaroufy},
  Timestamp                = {2011.02.17}
}

@Article{Miller1982,
  Title                    = {Regression with Censored Data},
  Author                   = {Miller, R. and Halpern, J.},
  Journal                  = {Biometrika},
  Year                     = {1982},
  Number                   = {3},
  Pages                    = {521-531},
  Volume                   = {69},

  Owner                    = {vmaroufy},
  Timestamp                = {2013.05.21}
}

@Article{Moran1971,
  Title                    = {Maximum Likelihood Estimation in Non-standard Conditions},
  Author                   = {Moran, P. A. P.},
  Journal                  = {Proceedings of the Cambridge Philosophical Society},
  Year                     = {1971},
  Pages                    = {441-450},
  Volume                   = {70},

  Owner                    = {vmaroufy},
  Timestamp                = {2012.12.20}
}

@Article{Morris1982,
  Title                    = {Natural exponential families with quadratic variance functions},
  Author                   = {Morris, C.N.},
  Journal                  = {The Annals of Statistics},
  Year                     = {1982},
  Number                   = {1},
  Pages                    = {65-80},
  Volume                   = {10},

  File                     = {:/home/vmaroufy/Documents/Research_UW/PhD Thesis/papers/Natural Exp families with QV function.pdf:PDF},
  Owner                    = {vmaroufy},
  Timestamp                = {2010.12.07}
}

@Article{Murphy2000,
  Title                    = {On Profile Likelihood},
  Author                   = {Murphy, S. A. and van der Vaart, A. W.},
  Journal                  = {Journal of the American Statistical Assiciation},
  Year                     = {2000},
  Number                   = {450},
  Pages                    = {445-465},
  Volume                   = {95},

  Owner                    = {vmaroufy},
  Timestamp                = {2015.04.27}
}

@Book{Murray1993,
  Title                    = {Differential Geometry and Statistics},
  Author                   = {Murray, M. K. and Rice, J. W.},
  Publisher                = {Chapman and Hall},
  Year                     = {1993},

  Owner                    = {vmaroufy},
  Timestamp                = {2012.09.26}
}

@Article{Nan2006,
  Title                    = {Piecewise Constant Cross Ratio Estimation for Association of Age at a Marker Event Age at a Menopause},
  Author                   = {Nan, B. and Lin, X. and Lisabeth, L. D. and Harlow, S.},
  Journal                  = {Journal of the American Statistical Association},
  Year                     = {2006},
  Pages                    = {65-77},
  Volume                   = {101},

  Owner                    = {vmaroufy},
  Timestamp                = {2013.04.16}
}

@Article{Narayanan2008,
  Title                    = {Sampling Hypersurfaces Through Diffusion},
  Author                   = {Narayanan, H. and Niyogi, P.},
  Journal                  = {Approximation, Randomization and Combinatorial Optimization Algorithms and Techniques},
  Year                     = {2008},
  Pages                    = {535-548},

  Owner                    = {vmaroufy},
  Timestamp                = {2014.01.09}
}

@Article{Neal1993,
  Title                    = {Probabilistic Inference Using Markov Chain Monte Carlo Mathods},
  Author                   = {Neal, R. M.},
  Journal                  = {Techn. Report CRG-TR-93-1, Dept. Comp. Science, University of Toronto},
  Year                     = {1993},

  Owner                    = {vmaroufy},
  Timestamp                = {2013.08.20}
}

@Article{Newman2007,
  Title                    = {Mixture models and explanatory analysis in networks},
  Author                   = {Newman, M. J. and Leicht, E. A.},
  Journal                  = {National academy of science of the USA},
  Year                     = {2007},
  Number                   = {23},
  Pages                    = {9564-9569},
  Volume                   = {104},

  File                     = {:/home/vmaroufy/Documents/Research_UW/PhD Thesis/papers/mixture models and explanatory analysis in networks.pdf:PDF},
  Owner                    = {vmaroufy},
  Timestamp                = {2010.11.01}
}

@Article{Newton2012,
  Title                    = {An Infinite-Dimensional Statistical Manifold Modeled on Hilbert Space},
  Author                   = {Newton, N. J.},
  Journal                  = {Journal of Functional Analysis},
  Year                     = {2012},
  Pages                    = {1661-1681},
  Volume                   = {263},

  Owner                    = {vmaroufy},
  Timestamp                = {2012.11.14}
}

@Article{Neyman1948,
  Title                    = {Consistent Estimation form partially consistent observations},
  Author                   = {Neyman, J. and Scott, E. L.},
  Journal                  = {Econometica},
  Year                     = {1948},
  Pages                    = {1-32},
  Volume                   = {16},

  Owner                    = {vmaroufy},
  Timestamp                = {2015.04.27}
}

@Article{Nielsen1992,
  Title                    = {A Counting Process Approach to Maximum Likelihood Estimation in Frailty Models},
  Author                   = {Nielsen, G. G. and Gill, R. D. and Anderson, P. K. and Sorensen, Th. I. A.},
  Journal                  = {Scandinavian Journal of Statistics},
  Year                     = {1992},
  Number                   = {1},
  Pages                    = {25-43},
  Volume                   = {19},

  Owner                    = {vmaroufy},
  Timestamp                = {2012.05.30}
}

@Book{Nocedal2006,
  Title                    = {Numerical Optimization},
  Author                   = {Nocedal, J. and Wright, S. J.},
  Editor                   = {Mikosch, T. V. and Resnick, S. I. and Robinson, S. M.},
  Publisher                = {Springer Science},
  Year                     = {2006},
  Edition                  = {second},

  Owner                    = {vmaroufy},
  Timestamp                = {2011.07.06}
}

@Article{Nurmi,
  Title                    = {Mixture Models},
  Author                   = {Nurmi, P.},
  Journal                  = {Helsinki Institute for information technology},

  File                     = {:/home/vmaroufy/Documents/Research_UW/PhD Thesis/papers/mixture models.pdf:PDF},
  Owner                    = {vmaroufy},
  Timestamp                = {2010.11.01}
}

@Article{Oakes1982,
  Title                    = {A Model for Association in Bivariate Survival Data},
  Author                   = {Oakes, D.},
  Journal                  = {Journal of the Royal Statistical Society B},
  Year                     = {1982},
  Number                   = {3},
  Pages                    = {414-422},
  Volume                   = {44},

  Owner                    = {vmaroufy},
  Timestamp                = {2013.04.16}
}

@Article{Paulson1975,
  Title                    = {The Estimation of Parameters of the Stable Laws},
  Author                   = {Paulson, A. S. and Holocomb, E. W. and Leitch, R. A.},
  Journal                  = {Biometrika},
  Year                     = {1975},
  Pages                    = {163-170},
  Volume                   = {62},

  Owner                    = {vmaroufy},
  Timestamp                = {2013.08.20}
}

@Article{Pearson1894,
  Title                    = {Contribution to the mathematical theory of evolution},
  Author                   = {Pearson, K},
  Journal                  = {Philosophical Transactions of the Royal Society of London. A},
  Year                     = {1894},
  Pages                    = {71-110},
  Volume                   = {185},

  File                     = {:/home/vmaroufy/Documents/Research_UW/PhD Thesis/papers/Contributionsto the Mathenmatical Theory of Application.pdf:PDF},
  Owner                    = {vmaroufy},
  Timestamp                = {2011.02.08}
}

@Article{Peel2000,
  Title                    = {Robust Mixture modeling using the t distribution},
  Author                   = {Peel, D. and Mclachlan, G. J.},
  Journal                  = {statistics and computing},
  Year                     = {2000},
  Pages                    = {339-348},
  Volume                   = {10},

  File                     = {:/home/vmaroufy/Documents/Research_UW/PhD Thesis/papers/robust mixture modeling using the t distribution.pdf:PDF},
  Owner                    = {vmaroufy},
  Timestamp                = {2010.11.01}
}

@Article{Pekerman2008,
  Title                    = {Self-intersection detection and elimination in freeform curves and surfaces},
  Author                   = {Pekerman, D. and Elber, G. and Kim, M},
  Journal                  = {Computer-Aided Design},
  Year                     = {2008},
  Pages                    = {150-159},
  Volume                   = {40},

  Owner                    = {vmaroufy},
  Timestamp                = {2015.04.28}
}

@Article{Peng2012,
  Title                    = {Approximate Inference by Intersecting Semidefinite Bound and Local Polytope},
  Author                   = {Peng, J. and Hazan, T. and Srebro, N. and Xu, J.},
  Journal                  = {Proceedings of the 15th International Conference at Artificial Intelligence and Statistics. Canaries Spanish: JMLR W \& CP},
  Year                     = {2012},
  Pages                    = {868-876},

  Owner                    = {vmaroufy},
  Timestamp                = {2013.04.03}
}

@Article{Pezeshk2002,
  Title                    = {A fully Bayesian approach to calculating sample sizes for clinical trials with binary responses},
  Author                   = {Pezeshk, H. and Gittins, J.},
  Journal                  = {Drug Information Journal},
  Year                     = {2002},
  Number                   = {1},
  Pages                    = {143-150},
  Volume                   = {36},

  Owner                    = {vmaroufy},
  Timestamp                = {2016.04.20}
}

@Article{Pezeshk2013,
  Title                    = {Bayesian sample size calculation for estimation of the difference between two binomial proportions},
  Author                   = {Pezeshk, H. and Nematollahi, N. and Maroufy, V. and Marriott, P. and \& Gittins, J.},
  Journal                  = {Statistical Methods in Medical Research},
  Year                     = {2013},
  Number                   = {6},
  Pages                    = {598-611},
  Volume                   = {22},

  Owner                    = {vmaroufy},
  Timestamp                = {2016.04.20}
}

@Article{Pham‐Gia2003,
  Title                    = {Determination of exact sample sizes in the Bayesian estimation of the difference of two proportions},
  Author                   = {Pham-Gia, T. and Turkkan, N.},
  Journal                  = {Journal of the Royal Statistical Society: Series D (The Statistician)},
  Year                     = {2003},
  Number                   = {2},
  Pages                    = {131-150.},
  Volume                   = {52},

  Owner                    = {vmaroufy},
  Timestamp                = {2016.04.20}
}

@Article{Pham-Gia1992,
  Title                    = {Sample size determination in Bayesian analysis},
  Author                   = {Pham-Gia, T. and Turkkan, N.},
  Journal                  = {The Statistician},
  Year                     = {1992},
  Pages                    = {389-397},

  Owner                    = {vmaroufy},
  Timestamp                = {2016.04.20}
}

@Article{Pistone1999,
  Title                    = {The Exponential Statistical Manifold: Mean Parameters, Orthogonality and Space Transformations},
  Author                   = {Pistone, G. and Rogantin, M. P.},
  Journal                  = {Bernoulli},
  Year                     = {1999},
  Number                   = {4},
  Pages                    = {721-760},
  Volume                   = {5},

  Owner                    = {vmaroufy},
  Timestamp                = {2012.11.13}
}

@Article{Pistone1995,
  Title                    = {An Infinite-Dimensional Geometric Structure on the Space of all the Probability Measures Equivalent to a Given One},
  Author                   = {Pistone, G. and Sempi, C.},
  Journal                  = {The Annals of Statistics},
  Year                     = {1995},
  Number                   = {5},
  Pages                    = {1543-1561},
  Volume                   = {23},

  Owner                    = {vmaroufy},
  Timestamp                = {2012.11.13}
}

@Book{Prestel2001,
  Title                    = {Positive Polynomials},
  Author                   = {Prestel, A. and Delzell, C.},
  Publisher                = {Springer Monographs in Mathematics,},
  Year                     = {2001},

  Owner                    = {vmaroufy},
  Timestamp                = {2012.03.06}
}

@Article{Rao1945,
  Title                    = {Information and Accuracy Attainable in the Estimation of Statistical Parameters},
  Author                   = {Rao, C. R.},
  Journal                  = {Bull. Calcutta Math. Soc.},
  Year                     = {1945},
  Pages                    = {81-91},
  Volume                   = {37},

  Owner                    = {vmaroufy},
  Timestamp                = {2012.10.29}
}

@Article{Redont1989,
  Title                    = {representation and Deformation of Developable Surfaces},
  Author                   = {Redont, P.},
  Journal                  = {Computer-Aided Design},
  Year                     = {1989},
  Number                   = {1},
  Pages                    = {13-20},
  Volume                   = {21},

  File                     = {:/home/vmaroufy/Documents/Research_UW/PhD Thesis/papers/Representation and deformation of developable surface.pdf:PDF},
  Owner                    = {vmaroufy},
  Timestamp                = {2011.10.24}
}

@Article{Reid2010,
  Title                    = {Likelihood Inference},
  Author                   = {Reid, N.},
  Journal                  = {Wiley Interdiciplinary Review: Computational Statistics 2},
  Year                     = {2010},
  Number                   = {5},
  Pages                    = {517-725},

  Owner                    = {vmaroufy},
  Timestamp                = {2015.04.27}
}

@Article{Reitzener2002,
  Title                    = {Random Points on the Boundary of Smooth Convex Bodies},
  Author                   = {Reitzener, M.},
  Journal                  = {Transactions of the American Mathematical Society},
  Year                     = {2002},
  Number                   = {6},
  Pages                    = {2243-2278},
  Volume                   = {354},

  Owner                    = {vmaroufy},
  Timestamp                = {2014.09.29}
}

@Article{Richardson1997,
  Title                    = {On Bayesian analysis of mixtures with an unknown number of components (with discuassion)},
  Author                   = {Richardson, S. and Green, P. J.},
  Journal                  = {Journal of the Royal Statistical Society B},
  Year                     = {1997},
  Pages                    = {731-792},
  Volume                   = {59},

  Owner                    = {vmaroufy},
  Timestamp                = {2015.06.23}
}

@Article{Rinaldo2009,
  Title                    = {On the Geometry of Discrete Exponential Families with Application to Exponential Random Graph Models},
  Author                   = {Rinaldo, A. and Fienberg, S. E and Zhou, Y.},
  Journal                  = {Electronic Journal of Statistics},
  Year                     = {2009},
  Pages                    = {446-484},
  Volume                   = {3},

  Owner                    = {vmaroufy},
  Timestamp                = {2013.09.30}
}

@Article{Ring2012,
  Title                    = {Optimization Methods on Riemannian Manifolds and Their Application to Shape Space},
  Author                   = {Ring, W. and Wirth, B.},
  Journal                  = {SIAM Journal on Optimization},
  Year                     = {2012},
  Pages                    = {596-627},
  Volume                   = {22},

  Owner                    = {vmaroufy},
  Timestamp                = {2013.07.17}
}

@Book{Robbin2011,
  Title                    = {Introduction to Differential Geometry},
  Author                   = {Robbin, J. W. and Salmon, D. A.},
  Publisher                = {ETH, Lecture Notes, preliminary version},
  Year                     = {2011},

  Owner                    = {vmaroufy},
  Timestamp                = {2013.07.25}
}

@Article{Robbins1950,
  Title                    = {A generalization of the method of maximum likelihood: Estimating a mixing distribution (Abstract)},
  Author                   = {Robbins, H.},
  Journal                  = {The Annals of Mathematical Statistics},
  Year                     = {1950},
  Pages                    = {314-315},
  Volume                   = {21},

  Owner                    = {vmaroufy},
  Timestamp                = {2011.03.09}
}

@Article{Rouillier2000,
  Title                    = {Finding at Least One Point in Each Connected Component of a Real Algebric Set Defined by a Single Equation},
  Author                   = {Rouillier, F. and Roy, M. F, and Safey El Din, M.},
  Journal                  = {Journal of Complexity},
  Year                     = {2000},
  Pages                    = {716-759},
  Volume                   = {16},

  File                     = {:/home/vmaroufy/Documents/Research_UW/PhD Thesis/papers/Finding at Least One Point in Each Connected Component .pdf:PDF},
  Owner                    = {vmaroufy},
  Timestamp                = {2012.03.01}
}

@Book{Rudin1976,
  Title                    = {Principles of Mathematical Analysis},
  Author                   = {Rudin, W.},
  Publisher                = {New York: McGraw-Hill},
  Year                     = {1976},
  Edition                  = {3rd},

  Owner                    = {vmaroufy},
  Timestamp                = {2014.06.12}
}

@Article{Ruggeri2000,
  Title                    = {On a global sensitivity measure for Bayesian inference},
  Author                   = {Ruggeri, F. and Sivaganesan, S.},
  Journal                  = {Sankhya},
  Year                     = {2000},
  Pages                    = {110-127},
  Volume                   = {62},

  Owner                    = {vmaroufy},
  Timestamp                = {2014.05.29}
}

@Article{Ruggeri1993,
  Title                    = {Infinitesimal Sensitivity of Posterior Distributions},
  Author                   = {Ruggeri, F. and Wasserman, L},
  Journal                  = {The Canadian Journal of Statistics},
  Year                     = {1993},
  Number                   = {2},
  Pages                    = {195-203},
  Volume                   = {21},

  File                     = {:/home/vmaroufy/Documents/Research_UW/PhD Thesis/papers/Infinitesimal Sensitivity of Posterior Distributions.pdf:PDF},
  Owner                    = {vmaroufy},
  Timestamp                = {2011.07.13}
}

@Article{Samoilov1998,
  Title                    = {Self-intersection elimination in merhamorphysis of two-dimensional curves},
  Author                   = {Samoilov, T. and Elber, G.},
  Journal                  = {The Visual Computer},
  Year                     = {1998},
  Pages                    = {415-428},
  Volume                   = {14},

  Owner                    = {vmaroufy},
  Timestamp                = {2015.04.28}
}

@Article{Scheiderer2009,
  Title                    = {Positivity and Sums of Squares: Aguide to Recent Results},
  Author                   = {Scheiderer, C.},
  Journal                  = {Emerging Applications and Algebraic Geometry, IMA Vol. Math. Appl., Springer},
  Year                     = {2009},
  Pages                    = {271-324},
  Volume                   = {149},

  Owner                    = {vmaroufy},
  Timestamp                = {2012.03.06}
}

@Book{Schlattmann2009,
  Title                    = {Medical Applications of Finite Mixture models},
  Author                   = {Schlattmann, P},
  Publisher                = {Springer},
  Year                     = {2009},

  Owner                    = {vmaroufy},
  Timestamp                = {2011.02.17}
}

@Article{Scott2001,
  Title                    = {Maximum likelihood for generalised case-Control stadies},
  Author                   = {Scott, A. J. and Wild, C. J.},
  Journal                  = {Journal of Statistical Planning and Inference},
  Year                     = {2001},
  Pages                    = {3-27},
  Volume                   = {96},

  Owner                    = {vmaroufy},
  Timestamp                = {2015.04.27}
}

@Book{Seber1989,
  Title                    = {Nonlinear Regression},
  Author                   = {Seber, G. A. F. and Wild, C. J.},
  Publisher                = {Wiley Interscience},
  Year                     = {1989},

  Owner                    = {vmaroufy},
  Timestamp                = {2012.11.22}
}

@Article{Self1987,
  Title                    = {Asymptotic properties of maximum likelihood estimators and ratio testsunder nonstandard conditions},
  Author                   = {Self, S. G. and Liang, K.},
  Journal                  = {Journal of the American Statistical Assiciation},
  Year                     = {1987},
  Number                   = {398},
  Pages                    = {605-610},
  Volume                   = {82},

  File                     = {:/home/vmaroufy/Documents/Research_UW/PhD Thesis/papers/asymptotic properties of maximum likelihood estimation and likelihood ratioo test under nonstandard conditions.pdf:PDF},
  Owner                    = {vmaroufy},
  Timestamp                = {2011.03.02}
}

@MastersThesis{Shaheen2000,
  Title                    = {Frame of Pointed Finite Polyhedral Cone},
  Author                   = {Shaheen, M.},
  School                   = {University of Windsor},
  Year                     = {2000},

  Owner                    = {vmaroufy},
  Timestamp                = {2013.09.30}
}

@Article{Shub1986,
  Title                    = {Some Remarks on Dynamical Systems and Numerical Analysis},
  Author                   = {Shub, M.},
  Journal                  = {Proc. VII ELAM (L. Lara-Carrero and J. Lewowicz, eds.), Equinoccio, U. Simon Bolivar, Caracas, 69-92},
  Year                     = {1986},
  Pages                    = {69-92},

  Owner                    = {vmaroufy},
  Timestamp                = {2013.07.16}
}

@Article{Shun1995,
  Title                    = {Laplace approximation of high dimensional integrals},
  Author                   = {Shun, Z. and Mccullagh, P.},
  Journal                  = {Journal of the Royal statistical Society. Series B (Methodological)},
  Year                     = {1995},
  Number                   = {4},
  Pages                    = {749-760},
  Volume                   = {57},

  File                     = {:/home/vmaroufy/Documents/Research_UW/PhD Thesis/papers/Laplace Approximation of High Dimensional Integrals.pdf:PDF},
  Owner                    = {vmaroufy},
  Timestamp                = {2010.11.05}
}

@Article{Sivaganesan2000,
  Title                    = {Global and local robustness approachs: uses and limitations},
  Author                   = {Sivaganesan, S.},
  Journal                  = {Robust Bayesian Analysis. Springer New York},
  Year                     = {2000},
  Pages                    = {89-108},

  Owner                    = {vmaroufy},
  Timestamp                = {2014.05.29}
}

@Book{Small2010,
  Title                    = {Expansions and Asymptotics for Statistics},
  Author                   = {Small, C. G.},
  Publisher                = {Chapman and Hall},
  Year                     = {2010},

  Owner                    = {vmaroufy},
  Timestamp                = {2010.11.05}
}

@Article{Sontag2007,
  Title                    = {New Outer Bounds on the MArginal Polytopes},
  Author                   = {Sontag, D. and Jaakkola, T.},
  Journal                  = {Advances in Natural Information Processing},
  Year                     = {2007},
  Pages                    = {1393-1400},
  Volume                   = {20},

  Owner                    = {vmaroufy},
  Timestamp                = {2013.04.03}
}

@Book{Struik1988,
  Title                    = {Lectures on Classical Differential Geometry},
  Author                   = {Struik, D. J.},
  Publisher                = {Dover Publications},
  Year                     = {1988},

  File                     = {:/home/vmaroufy/Documents/Research_UW/PhD Thesis/Books/Lectures on classical differential geometry.djvu:Djvu},
  Owner                    = {vmaroufy},
  Timestamp                = {2011.10.24}
}

@Article{Sun1996,
  Title                    = {A Technique for constructing developable surfaces},
  Author                   = {Sun, M. and Fiume, E.},
  Journal                  = {Graphics Interface},
  Year                     = {1996},
  Pages                    = {176-185},

  File                     = {:/home/vmaroufy/Documents/Research_UW/PhD Thesis/papers/A thechnique for constructing developing surfaces.pdf:PDF},
  Owner                    = {vmaroufy},
  Timestamp                = {2011.10.26}
}

@Article{Sweeting1986,
  Title                    = {On a convergence to Schffe's Theorem},
  Author                   = {Sweeting, T. J.},
  Journal                  = {The Annals of Statistics},
  Year                     = {1986},
  Number                   = {3},
  Pages                    = {1252-1256},
  Volume                   = {14},

  Owner                    = {vmaroufy},
  Timestamp                = {2010.11.11}
}

@Article{Tallis1969,
  Title                    = {The Identifiability of Mixtures of Distributions},
  Author                   = {Tallis, G.},
  Journal                  = {Journal of Applied Probability},
  Year                     = {1969},
  Number                   = {2},
  Pages                    = {389-398},
  Volume                   = {6},

  Owner                    = {vmaroufy},
  Timestamp                = {2015.10.16}
}

@Article{Teicher1963,
  Title                    = {Identifiability of finite Mixtures},
  Author                   = {Teicher, H.},
  Journal                  = {The Annals of Mathematical Statistics},
  Year                     = {1963},
  Number                   = {4},
  Pages                    = {1265-1269},
  Volume                   = {34},

  File                     = {:/home/vmaroufy/Documents/Research_UW/PhD Thesis/papers/Identifiability of finite mixture model.pdf:PDF},
  Owner                    = {vmaroufy},
  Timestamp                = {2010.11.01}
}

@Article{Teicher1961,
  Title                    = {Identifiability of Mixtures},
  Author                   = {Teicher, H.},
  Journal                  = {The Annals of Mathematical Statistics},
  Year                     = {1961},
  Number                   = {1},
  Pages                    = {244-248},
  Volume                   = {32},

  File                     = {:/home/vmaroufy/Documents/Research_UW/PhD Thesis/papers/Identifiability of mixtures.pdf:PDF},
  Owner                    = {vmaroufy},
  Timestamp                = {2010.11.01}
}

@Book{Udriste1994,
  Title                    = {Convex Functions and Optimization Methods on Riemannian Manifolds},
  Author                   = {Udriste, C.},
  Publisher                = {Springer},
  Year                     = {1994},

  Owner                    = {vmaroufy},
  Timestamp                = {2013.07.16}
}

@Article{Ulrich1994,
  Title                    = {Positivity Conditions for Quartic Polynomials},
  Author                   = {Ulrich, G. and Watson, L. T.},
  Journal                  = {AIAM J. Sci. Comput.},
  Year                     = {1994},
  Pages                    = {528-544},
  Volume                   = {15},

  Owner                    = {vmaroufy},
  Timestamp                = {2012.05.31}
}

@Article{VanderVaart1996,
  Title                    = {efficient maximum likelihood estimation in semiparametric mixture models},
  Author                   = {Van der Vaart, A.},
  Journal                  = {The Annals of Statistics},
  Year                     = {1996},
  Number                   = {2},
  Pages                    = {862-878},
  Volume                   = {24},

  File                     = {:/home/vmaroufy/Documents/Research_UW/PhD Thesis/papers/efficient maximum likelihood estimation in semiparametric mixture models.pdf:PDF},
  Owner                    = {vmaroufy},
  Timestamp                = {2010.11.01}
}

@Article{Vaupel1979,
  Title                    = {The Impact of Heterogeneity in Individual Frailty on the Dynamics of Mortality},
  Author                   = {Vaupel, J. W. and Manton, K. G. and Stallard, E.},
  Journal                  = {Demography},
  Year                     = {1979},
  Pages                    = {539-454},
  Volume                   = {16},

  Owner                    = {vmaroufy},
  Timestamp                = {2013.04.16}
}

@Article{Verbeek2003,
  Title                    = {A variational EM Algorithm for large-scale mixture modeling},
  Author                   = {Verbeek, J. J. and Vlassis, N. and Nunnink, J. R. J.},
  Journal                  = {Proceedings of the Annual Conference of the Advanced School for Computing and Imaging},
  Year                     = {2003},
  Volume                   = {8},

  File                     = {:/home/vmaroufy/Documents/Research_UW/PhD Thesis/papers/A Variational EM Algorithm for Large-Scale Mixture.pdf:PDF},
  Owner                    = {vmaroufy},
  Timestamp                = {2010.12.07}
}

@Article{Wainwright2006,
  Title                    = {Log-Determinat Relaxation for Approximate Inference in Discrete {M}arkov Random Fields},
  Author                   = {Wainwright, M. J. and Jordan, M. I.},
  Journal                  = {IEEE Transactions on Signal Processing},
  Year                     = {2006},
  Pages                    = {2099-2109},
  Volume                   = {54},

  Owner                    = {vmaroufy},
  Timestamp                = {2013.04.03}
}

@Article{Wang2009,
  Title                    = {Developable Conditions for Ruled Surfaces and Design of Developable Surfaces},
  Author                   = {Wang, S. and Ye, Z. and Chen, Z. and An, X.},
  Journal                  = {Computer-Aided Industrial Design \& Conceptual Design, 2009. CAID \& CD 2009. IEEE 10th International Conference on},
  Year                     = {2009},
  Volume                   = {572-575},

  File                     = {:/home/vmaroufy/Documents/Research_UW/PhD Thesis/papers/Developable Conditions for Ruled Surfaces and Design of Developable Surfaces.pdf:PDF},
  Owner                    = {vmaroufy},
  Timestamp                = {2011.11.02}
}

@Article{Weiss1996,
  Title                    = {An Approach to {B}ayesian Sensitivity Analysis},
  Author                   = {Weiss, R.},
  Journal                  = {Journal of the Royal Statistical Society},
  Year                     = {1996},
  Number                   = {4},
  Pages                    = {739-770},
  Volume                   = {58},

  File                     = {:/home/vmaroufy/Documents/Research_UW/PhD Thesis/papers/An Approach to Bayesian Sensitivity Analysis.pdf:PDF},
  Owner                    = {vmaroufy},
  Timestamp                = {2011.07.21}
}

@Article{Whitney1943,
  Title                    = {The singularities of a smooth n-manifold in (2n-1)-space},
  Author                   = {Whitney, H.},
  Journal                  = {Annals of Mathematics},
  Year                     = {1943},
  Number                   = {247-293},
  Volume                   = {45},

  Owner                    = {vmaroufy},
  Timestamp                = {2015.04.28}
}

@Article{Wilks1937,
  Title                    = {The large sample distribution of the likelihood ratio for testing composite hypotheses},
  Author                   = {Wilks, S. S.},
  Journal                  = {American Mathematical Society},
  Year                     = {1937},
  Pages                    = {295},
  Volume                   = {231},

  File                     = {:/home/vmaroufy/Documents/Research_UW/PhD Thesis/papers/The Large-Sample Distribution of the Likelihood Ratio for Testing Composite Hypotheses.pdf:PDF},
  Owner                    = {vmaroufy},
  Timestamp                = {2011.03.02}
}

@Book{Wong1989,
  Title                    = {Asymptotic Approximations of Integrals},
  Author                   = {Wong, R.},
  Publisher                = {Academic Press, INC},
  Year                     = {1989},

  Owner                    = {vmaroufy},
  Timestamp                = {2013.04.29}
}

@Article{Yakowits1968,
  Title                    = {on the identifiability of finite mixtures},
  Author                   = {Yakowits, S. J. and Spragins, J.},
  Journal                  = {The Annals of Mathematical Statistics},
  Year                     = {1968},
  Number                   = {1},
  Pages                    = {209-214},
  Volume                   = {39},

  File                     = {:/home/vmaroufy/Documents/Research_UW/PhD Thesis/papers/on the identifiability of finite mixtures.pdf:PDF},
  Owner                    = {vmaroufy},
  Timestamp                = {2010.11.01}
}

@Article{Yashin1995,
  Title                    = {Correlated individual frailty: an advantageous approach to survival analysis of bivariate data},
  Author                   = {Yashin, A.I. and Vaupel, J.W. and Iachine, I.A.},
  Journal                  = {Mathematical Population Studies},
  Year                     = {1995},
  Number                   = {2},
  Pages                    = {1-15},
  Volume                   = {5},

  File                     = {:/home/vmaroufy/Documents/Research_UW/PhD Thesis/papers/Correlated individual frailty ana\: an advantageous approach to survival.pdf:PDF;:/home/vmaroufy/Documents/Research_UW/PhD Thesis/papers/Correlated individual frailty ana\: an advantageous approach to survival.pdf:PDF},
  Owner                    = {vmaroufy},
  Timestamp                = {2010.10.31}
}

@Article{Zeng2009,
  Title                    = {Gamma Frailty Transformation Models for Multivariate Survival Times},
  Author                   = {Zeng, D. and Chen, Q. and Ibrahim, J.},
  Journal                  = {Biometrika},
  Year                     = {2009},
  Number                   = {2},
  Pages                    = {277-291},
  Volume                   = {96},

  Owner                    = {vmaroufy},
  Timestamp                = {2013.04.17}
}

@Article{Zhu2011,
  Title                    = {Bayesian Influence Analysis: a geometric approach},
  Author                   = {Zhu, H. and Ibrahim, J. G. and Tang, N.},
  Journal                  = {Biometrika},
  Year                     = {2011},
  Number                   = {2},
  Pages                    = {307-323},
  Volume                   = {98},

  Owner                    = {vmaroufy},
  Timestamp                = {2014.05.26}
}

@Article{Ziegler1998,
  Title                    = {Lectures on 0/1-Polytopes},
  Author                   = {Ziegler, G. M.},
  Journal                  = {Springer-Verlag, New York},
  Year                     = {1998},

  Owner                    = {vmaroufy},
  Timestamp                = {2013.04.03}
}

@article{copas2005local,
  title={Local model uncertainty and incomplete-data bias (with discussion)},
  author={Copas, John and Eguchi, Shinto},
  journal={Journal of the Royal Statistical Society: Series B (Statistical Methodology)},
  volume={67},
  number={4},
  pages={459--513},
  year={2005},
  publisher={Wiley Online Library}
}


@incollection{Anaya2016CIG,
  title={The Geometry of Model Sensitivity: an Illustration},
  author={Anaya-Izquierdo, Karim and Critchley, Frank and Marriott, Paul and Vos, Paul},
  booktitle={Computational Information Geometry: For Image and Signal Processing},
  year={2016},
  publisher={Springer}
}


@incollection{critchley2017information,
  title={Information Geometry and Its Applications: An Overview},
  author={Critchley, Frank and Marriott, Paul},
  booktitle={Computational Information Geometry: For Image and Signal Processing},
  pages={1--31},
  year={2017},
  publisher={Springer}
}

