@article{distregression,
  author  = {Zolt{{\'a}}n Szab{{\'o}} and Bharath K. Sriperumbudur and Barnab{{\'a}}s P{{\'o}}czos and Arthur Gretton},
  title   = {Learning Theory for Distribution Regression},
  journal = {Journal of Machine Learning Research},
  year    = {2016},
  volume  = {17},
  number  = {152},
  pages   = {1-40},
}

@article{mil,
 author = {Carbonneau, Marc-Andr and Cheplygina, Veronika and Granger, Eric and Gagnon, Ghyslain},
 title = {Multiple Instance Learning},
 journal = {Pattern Recogn.},
 volume = {77},
 number = {C},
 year = {2018},
 pages = {329--353},
}

https://link.springer.com/content/pdf/10.1007/978-3-540-24595-7_44.pdf
@inproceedings{VennDiagram-2003,
  title={Drawing area-proportional {V}enn and {E}uler diagrams},
  author={Chow, Stirling and Ruskey, Frank},
  booktitle={International Symposium on Graph Drawing},
  pages={466--477},
  year={2003},
  organization={Springer}
}


@article{JS-2019,
  title={On the {Jensen-Shannon} Symmetrization of Distances Relying on Abstract Means},
  author={Nielsen, Frank},
  journal={Entropy},
  volume={21},
  number={5},
  pages={485},
  year={2019},
  publisher={Multidisciplinary Digital Publishing Institute}
}

@techreport{minka-2005,
  title={Divergence measures and message passing},
  author={Minka, Tom and others},
  year={2005},
  institution={Technical report, Microsoft Research}
}

@article{symBD-2009,
  title={Sided and symmetrized {B}regman centroids},
  author={Nielsen, Frank and Nock, Richard},
  journal={IEEE transactions on Information Theory},
  volume={55},
  number={6},
  pages={2882--2904},
  year={2009},
  publisher={IEEE}
}

@inproceedings{paDOL,
 author = {Perozzi, B. and Al-Rfou, R. and Skiena, S.},
 title = {{DeepWalk}: Online Learning of Social Representations},
 booktitle = {KDD},
 year = {2014},
 pages = {701--710},
}

@inproceedings{glNSF,
 author = {Grover, A. and Leskovec, J.},
 title = {{Node2Vec}: Scalable Feature Learning for Networks},
 booktitle = {KDD},
 year = {2016},
 pages = {855--864},
}

@incollection{zjLWH,
  title = {Learning with Hypergraphs: Clustering, Classification, and Embedding},
  author = {Zhou, Dengyong and Jiayuan Huang and Sch\"{o}lkopf, Bernhard},
  booktitle = {NIPS 19},
  pages = {1601--1608},
  year = {2007},
  publisher = {MIT Press},
}

@book{aIGI,
  title  = {Information Geometry and Its Applications},
  author = {S. Amari},
  publisher = {Springer-Verlag, Berlin},
  series = {Applied Mathematical Sciences},
  volume = {194},
  year   = {2016},
}

@phdthesis{phd,
  author = {Ke Sun},
  title  = {Information Geometry and Data Manifold Representations},
  school = {Universit\'e de Gen\`eve},
  year   = {2015},
}

@article{hartley,
  title = {Transmission of Information},
  author = {R. V. L. Hartley},
  journal={Bell System Technical Journal},
  volume={7},
  number={3},
  pages={535--563},
  year = {1928},
}

@misc{fimgauss,
  title={Fisher information distance: a geometrical reading},
  author={Sueli I. R. Costa and Sandra A. Santos and João E. Strapasson},
  note={arXiv:1210.2354 [stat.ME]},
  year={2012},
}

@inproceedings{gauss,
  title={Deep {G}aussian Embedding of Graphs: Unsupervised Inductive Learning via Ranking},
  author={Aleksandar Bojchevski and Stephan Günnemann},
  booktitle={ICLR},
  year={2018},
}

@article{crIGD,
  author={K. M. {Carter} and R. {Raich} and W. G. {Finn} and A. O. {Hero,III}},
  journal={IEEE Signal Processing Magazine},
  title={Information-Geometric Dimensionality Reduction},
  year={2011},
  volume={28},
  number={2},
  pages={89-99},
}

@inproceedings{vae,
  author={Diederik P. Kingma and Max Welling},
  title={Auto-Encoding Variational {B}ayes},
  booktitle={ICLR},
  year={2014},
}

@incollection{deepsets,
  title = {Deep Sets},
  author = {Zaheer, Manzil and Kottur, Satwik and Ravanbakhsh, Siamak and Poczos, Barnabas and Salakhutdinov, Ruslan R and Smola, Alexander J},
  booktitle = {Advances in Neural Information Processing Systems 30},
  pages = {3391--3401},
  year = {2017},
  publisher = {Curran Associates, Inc.},
}

@incollection{word2vec,
  title = {Distributed Representations of Words and Phrases and their Compositionality},
  author = {Mikolov, Tomas and Sutskever, Ilya and Chen, Kai and Corrado, Greg S and Dean, Jeff},
  booktitle = {Advances in Neural Information Processing Systems 26},
  pages = {3111--3119},
  year = {2013},
  publisher = {Curran Associates, Inc.},
}

@inproceedings{sentense,
  title = "Supervised Learning of Universal Sentence Representations from Natural Language Inference Data",
  author = {Conneau, Alexis  and Kiela, Douwe  and Schwenk, Holger  and Barrault, Lo{\"\i}c  and Bordes, Antoine},
  booktitle = {Proceedings of the 2017 Conference on Empirical Methods in Natural Language Processing},
  year = "2017",
  pages = "670--680",
}

@inproceedings{partial,
  author={M. A. {Bautista} and A. {Sanakoyeu} and B. {Ommer}},
  booktitle={2017 IEEE Conference on Computer Vision and Pattern Recognition (CVPR)},
  title={Deep Unsupervised Similarity Learning Using Partially Ordered Sets},
  year={2017},
  pages={1923-1932},
}

@InProceedings{attention,
  title = 	 {Attention-based Deep Multiple Instance Learning},
  author = 	 {Ilse, Maximilian and Tomczak, Jakub and Welling, Max},
  booktitle = 	 {Proceedings of the 35th International Conference on Machine Learning},
  pages = 	 {2127--2136},
  year = 	 {2018},
  volume = 	 {80},
  series = 	 {Proceedings of Machine Learning Research},
  publisher = 	 {PMLR},
}

@inproceedings{adam,
  title  = {Adam: A Method for Stochastic Optimization},
  author = {Diederik P. Kingma and Jimmy Ba},
  booktitle = {ICLR},
  year = {2015},
}
