
@proceedings{ETVC08/2008,
  editor    = {Frank Nielsen},
  title     = {Emerging Trends in Visual Computing, LIX Fall Colloquium,
               ETVC 2008, Palaiseau, France, November 18-20, 2008. Revised
               Invited Papers},
  booktitle = {ETVC},
  publisher = {Springer},
  series    = {Lecture Notes in Computer Science},
  volume    = {5416},
  year      = {2009},
  isbn      = {978-3-642-00825-2},
  ee        = {http://dx.doi.org/10.1007/978-3-642-00826-9},
  bibsource = {LIX, Ecole Polytechnique, NF}
}

@inproceedings{ETVC08/Nielsen08,
  author    = {Frank Nielsen},
  title     = {Abstracts of the LIX Fall Colloquium 2008: Emerging Trends
               in Visual Computing},
  booktitle = {ETVC},
  year      = {2008},
  pages     = {1-12},
  ee        = {http://dx.doi.org/10.1007/978-3-642-00826-9_1},
  crossref  = {ETVC08/2008},
  bibsource = {LIX, Ecole Polytechnique, NF}
}

@inproceedings{ETVC08/BoissonnatPY08,
  author    = {Jean-Daniel Boissonnat and
               Jean-Philippe Pons and
               Mariette Yvinec},
  title     = {From Segmented Images to Good Quality Meshes Using Delaunay
               Refinement},
  booktitle = {ETVC},
  year      = {2008},
  pages     = {13-37},
  ee        = {http://dx.doi.org/10.1007/978-3-642-00826-9_2},
  crossref  = {ETVC08/2008},
  bibsource = {LIX, Ecole Polytechnique, NF}
}


@inproceedings{ETVC08/YinJLG08,
  author    = {Xiaotian Yin and
               Miao Jin and
               Feng Luo 0002 and
               Xianfeng David Gu},
  title     = {Discrete Curvature Flows for Surfaces and 3-Manifolds},
  booktitle = {ETVC},
  year      = {2008},
  pages     = {38-74},
  ee        = {http://dx.doi.org/10.1007/978-3-642-00826-9_3},
  crossref  = {ETVC08/2008},
  bibsource = {LIX, Ecole Polytechnique, NF}
}

@inproceedings{ETVC08/Amari08,
  author    = {Shun-ichi Amari},
  title     = {Information Geometry and Its Applications: Convex Function
               and Dually Flat Manifold},
  booktitle = {ETVC},
  year      = {2008},
  pages     = {75-102},
  ee        = {http://dx.doi.org/10.1007/978-3-642-00826-9_4},
  crossref  = {ETVC08/2008},
  bibsource = {LIX, Ecole Polytechnique, NF}
}

@inproceedings{ETVC08/Matsuzoe08,
  author    = {Hiroshi Matsuzoe},
  title     = {Computational Geometry from the Viewpoint of Affine Differential
               Geometry},
  booktitle = {ETVC},
  year      = {2008},
  pages     = {103-123},
  ee        = {http://dx.doi.org/10.1007/978-3-642-00826-9_5},
  crossref  = {ETVC08/2008},
  bibsource = {LIX, Ecole Polytechnique, NF}
}

@inproceedings{ETVC08/Barbaresco08,
  author    = {Frederic Barbaresco},
  title     = {Interactions between Symmetric Cone and Information Geometries:
               Bruhat-Tits and Siegel Spaces Models for High Resolution
               Autoregressive Doppler Imagery},
  booktitle = {ETVC},
  year      = {2008},
  pages     = {124-163},
  ee        = {http://dx.doi.org/10.1007/978-3-642-00826-9_6},
  crossref  = {ETVC08/2008},
  bibsource = {LIX, Ecole Polytechnique, NF}
}

@inproceedings{ETVC08/NielsenN08,
  author    = {Frank Nielsen and
               Richard Nock},
  title     = {Clustering Multivariate Normal Distributions},
  booktitle = {ETVC},
  year      = {2008},
  pages     = {164-174},
  ee        = {http://dx.doi.org/10.1007/978-3-642-00826-9_7},
  crossref  = {ETVC08/2008},
  bibsource = {LIX, Ecole Polytechnique, NF}
}

@inproceedings{ETVC08/NockN08,
  author    = {Richard Nock and
               Frank Nielsen},
  title     = {Intrinsic Geometries in Learning},
  booktitle = {ETVC},
  year      = {2008},
  pages     = {175-215},
  ee        = {http://dx.doi.org/10.1007/978-3-642-00826-9_8},
  crossref  = {ETVC08/2008},
  bibsource = {LIX, Ecole Polytechnique, NF}
}

@inproceedings{ETVC08/TaubinCLSZ08,
  author    = {Gabriel Taubin and
               Daniel E. Crispell and
               Douglas Lanman and
               Peter G. Sibley and
               Yong Zhao},
  title     = {Shape from Depth Discontinuities},
  booktitle = {ETVC},
  year      = {2008},
  pages     = {216-237},
  ee        = {http://dx.doi.org/10.1007/978-3-642-00826-9_9},
  crossref  = {ETVC08/2008},
  bibsource = {LIX, Ecole Polytechnique, NF}
}

@inproceedings{ETVC08/Raskar08,
  author    = {Ramesh Raskar},
  title     = {Computational Photography: Epsilon to Coded Photography},
  booktitle = {ETVC},
  year      = {2008},
  pages     = {238-253},
  ee        = {http://dx.doi.org/10.1007/978-3-642-00826-9_10},
  crossref  = {ETVC08/2008},
  bibsource = {LIX, Ecole Polytechnique, NF}
}
@inproceedings{ETVC08/LiuM08,
  author    = {Qingshan Liu and
               Dimitris N. Metaxas},
  title     = {Unifying Subspace and Distance Metric Learning with Bhattacharyya
               Coefficient for Image Classification},
  booktitle = {ETVC},
  year      = {2008},
  pages     = {254-267},
  ee        = {http://dx.doi.org/10.1007/978-3-642-00826-9_11},
  crossref  = {ETVC08/2008},
  bibsource = {LIX, Ecole Polytechnique, NF}
}

@inproceedings{ETVC08/Asano08,
  author    = {Tetsuo Asano},
  title     = {Constant-Working-Space Algorithms for Image Processing},
  booktitle = {ETVC},
  year      = {2008},
  pages     = {268-283},
  ee        = {http://dx.doi.org/10.1007/978-3-642-00826-9_12},
  crossref  = {ETVC08/2008},
  bibsource = {LIX, Ecole Polytechnique, NF}
}

@inproceedings{ETVC08/PiroADB08,
  author    = {Paolo Piro and
               Sandrine Anthoine and
               Eric Debreuve and
               Michel Barlaud},
  title     = {Sparse Multiscale Patches for Image Processing},
  booktitle = {ETVC},
  year      = {2008},
  pages     = {284-304},
  ee        = {http://dx.doi.org/10.1007/978-3-642-00826-9_13},
  crossref  = {ETVC08/2008},
  bibsource = {LIX, Ecole Polytechnique, NF}
}

@inproceedings{ETVC08/JegouDS08,
  author    = {Herve Jegou and
               Matthijs Douze and
               Cordelia Schmid},
  title     = {Recent Advances in Large Scale Image Search},
  booktitle = {ETVC},
  year      = {2008},
  pages     = {305-326},
  ee        = {http://dx.doi.org/10.1007/978-3-642-00826-9_14},
  crossref  = {ETVC08/2008},
  bibsource = {LIX, Ecole Polytechnique, NF}
}

@inproceedings{ETVC08/BarmpoutisV08,
  author    = {Angelos Barmpoutis and
               Baba C. Vemuri},
  title     = {Information Theoretic Methods for Diffusion-Weighted MRI
               Analysis},
  booktitle = {ETVC},
  year      = {2008},
  pages     = {327-346},
  ee        = {http://dx.doi.org/10.1007/978-3-642-00826-9_15},
  crossref  = {ETVC08/2008},
  bibsource = {LIX, Ecole Polytechnique, NF}
}

@inproceedings{ETVC08/Pennec08,
  author    = {Xavier Pennec},
  title     = {Statistical Computing on Manifolds: From Riemannian Geometry
               to Computational Anatomy},
  booktitle = {ETVC},
  year      = {2008},
  pages     = {347-386},
  ee        = {http://dx.doi.org/10.1007/978-3-642-00826-9_16},
  crossref  = {ETVC08/2008},
  bibsource = {LIX, Ecole Polytechnique, NF}
}

