@book{AW-IG-2008,
  title={Information Geometry: Near Randomness and Near Independance},
  author={Khadiga A.. Arwini and Dodson, Christopher Terence John},
  year={2008},
  publisher={Springer}
}

@book{NS-1994,
  title={Affine Differential Geometry: Geometry of Affine Immersions},
  author={Nomizu, K. and Sasaki, T.},
  isbn={9780521441773},
  lccn={lc93046712},
  series={Cambridge Tracts in Mathematics},
  year={1994},
  publisher={Cambridge University Press}
}

