@book{nielsen2005visual,
  title={Visual computing: Geometry, graphics, and vision},
  author={Nielsen, Frank},
  year={2005},
  publisher={Charles River Media, Inc.}
}

@inproceedings{sala2018representation,
  title={Representation tradeoffs for hyperbolic embeddings},
  author={Sala, Frederic and De Sa, Chris and Gu, Albert and R{\'e}, Christopher},
  booktitle={International conference on machine learning},
  pages={4460--4469},
  year={2018},
  organization={PMLR}
}

@article{nielsen2012hyperbolic,
  title={{The hyperbolic Voronoi diagram in arbitrary dimension}},
  author={Nielsen, Frank and Nock, Richard},
  journal={arXiv preprint arXiv:1210.8234},
  year={2012}
}

@book{hitchman2009geometry,
  title={Geometry with an introduction to cosmic topology},
  author={Hitchman, Michael P},
  year={2009},
  publisher={Jones \& Bartlett Learning}
}
@inproceedings{tanuma2010revisiting,
  title={{Revisiting hyperbolic Voronoi diagrams from theoretical, applied and generalized viewpoints}},
  author={Tanuma, Toshihiro and Imai, Hiroshi and Moriyama, Sonoko},
  booktitle={2010 International Symposium on Voronoi Diagrams in Science and Engineering},
  pages={23--32},
  year={2010},
  organization={IEEE}
}
@inproceedings{nielsen2010hyperbolic,
  title={{Hyperbolic Voronoi diagrams made easy}},
  author={Nielsen, Frank and Nock, Richard},
  booktitle={2010 International Conference on Computational Science and Its Applications},
  pages={74--80},
  year={2010},
  organization={IEEE}
}