@inproceedings{ConvAnalysisBifunction-2024,
  title={Towards a Compositional Framework for Convex Analysis (with Applications to Probability Theory)},
  author={Stein, Dario and Samuelson, Richard},
  booktitle={International Conference on Foundations of Software Science and Computation Structures},
  pages={166--187},
  year={2024},
  organization={Springer},
	NFnote={bifunction}
}
