@comment{Frank Nielsen, August 2012}


@proceedings{MIG-2012,
  editor    = {Frank Nielsen and Rajendra Bhatia},
  title     = {Matrix Information Geometry (Revised Invited Papers)},
  booktitle = {MIG},
  publisher = {Springer},
  year      = {2012},
  isbn      = {978-3-642-30231-2},
  doi       = {978-3-642-30232-9},
}



@inproceedings{MIG2012-Chapter1,
         author="Jes\'us Angulo",
         title="Supremum/Infimum and Nonlinear Averaging of Positive Definite Symmetric Matrices",
         editor="Frank Nielsen and Rajendra Bhatia",
         booktitle="Matrix Information Geometry",
         pages="3-33",
         year="2012",
         doi="978-3-642-30232-9_1",
         url="http://www.informationgeometry.org/MIG/",
         pubblisher="Springer",
         isbn="978-3-642-30231-2"
}

@inproceedings{MIG2012-Chapter2,
         author="Rajendra Bhatia",
         title="The {R}iemannian Mean of Positive Matrices",
         editor="Frank Nielsen and Rajendra Bhatia",
         booktitle="Matrix Information Geometry",
         pages="35-51",
         year="2012",
         doi="978-3-642-30232-9_2",
         url="http://www.informationgeometry.org/MIG/",
         pubblisher="Springer",
         isbn="978-3-642-30231-2"
}

@inproceedings{MIG2012-Chapter3,
         author="Silv\`ere Bonnabel and Rodolphe Sepulchre",
         title="The Geometry of Low-Rank {K}alman Filters",
         editor="Frank Nielsen and Rajendra Bhatia",
         booktitle="Matrix Information Geometry",
         pages="53-68",
         year="2012",
         doi="978-3-642-30232-9_3",
         url="http://www.informationgeometry.org/MIG/",
         pubblisher="Springer",
         isbn="978-3-642-30231-2"
}

@inproceedings{MIG2012-Chapter4,
         author="Michel Nguiffo Boyom and Paul Mirabeau Byande",
         title="{KV} Cohomology in Information Geometry",
         editor="Frank Nielsen and Rajendra Bhatia",
         booktitle="Matrix Information Geometry",
         pages="69-92",
         year="2012",
         doi="978-3-642-30232-9_4",
         url="http://www.informationgeometry.org/MIG/",
         pubblisher="Springer",
         isbn="978-3-642-30231-2"
}

@inproceedings{MIG2012-Chapter5,
         author="Priyanka Grover",
         title="Derivatives of Multilinear Functions of Matrices",
         editor="Frank Nielsen and Rajendra Bhatia",
         booktitle="Matrix Information Geometry",
         pages="93-109",
         year="2012",
         doi="978-3-642-30232-9_5",
         url="http://www.informationgeometry.org/MIG/",
         pubblisher="Springer",
         isbn="978-3-642-30231-2"
}

@inproceedings{MIG2012-Chapter6,
         author="Frank Nielsen and Meizhu Liu and Baba C. Vemuri",
         title="Jensen Divergence-Based Means of {SPD} Matrices",
         editor="Frank Nielsen and Rajendra Bhatia",
         booktitle="Matrix Information Geometry",
         pages="111-122",
         year="2012",
         doi="978-3-642-30232-9_6",
         url="http://www.informationgeometry.org/MIG/",
         pubblisher="Springer",
         isbn="978-3-642-30231-2"
}

@inproceedings{MIG2012-Chapter7,
         author="Xavier Pennec and Vincent Arsigny",
         title="Exponential Barycenters of the Canonical {C}artan Connection and Invariant Means on {L}ie Groups",
         editor="Frank Nielsen and Rajendra Bhatia",
         booktitle="Matrix Information Geometry",
         pages="123-166",
         year="2012",
         doi="978-3-642-30232-9_7",
         url="http://www.informationgeometry.org/MIG/",
         pubblisher="Springer",
         isbn="978-3-642-30231-2"
}

@inproceedings{MIG2012-Chapter8,
         author="Marc Arnaudon and Fr\'ed\'eric Barbaresco and Le Yang",
         title="Medians and Means in {R}iemannian Geometry: Existence, Uniqueness and Computation",
         editor="Frank Nielsen and Rajendra Bhatia",
         booktitle="Matrix Information Geometry",
         pages="169-197",
         year="2012",
         doi="978-3-642-30232-9_8",
         url="http://www.informationgeometry.org/MIG/",
         pubblisher="Springer",
         isbn="978-3-642-30231-2"
}

@inproceedings{MIG2012-Chapter9,
         author="Fr\'ed\'eric Barbaresco",
         title="Information Geometry of Covariance Matrix: {C}artan-{S}iegel Homogeneous Bounded Domains, {M}ostow/{B}erger Fibration and {F}r\'echet Median",
         editor="Frank Nielsen and Rajendra Bhatia",
         booktitle="Matrix Information Geometry",
         pages="199-255",
         year="2012",
         doi="978-3-642-30232-9_9",
         url="http://www.informationgeometry.org/MIG/",
         pubblisher="Springer",
         isbn="978-3-642-30231-2"
}

@inproceedings{MIG2012-Chapter10,
         author="Pierre Formont and Jean-Philippe Ovarlez and Fr\'ed\'eric Pascal",
         title="On the Use of Matrix Information Geometry for Polarimetric {SAR} Image Classification",
         editor="Frank Nielsen and Rajendra Bhatia",
         booktitle="Matrix Information Geometry",
         pages="257-276",
         year="2012",
         doi="978-3-642-30232-9_10",
         url="http://www.informationgeometry.org/MIG/",
         pubblisher="Springer",
         isbn="978-3-642-30231-2"
}

@inproceedings{MIG2012-Chapter11,
         author="Zhongxun Liu and Fr\'ed\'eric Barbaresco",
         title="Doppler Information Geometry for Wake Turbulence Monitoring",
         editor="Frank Nielsen and Rajendra Bhatia",
         booktitle="Matrix Information Geometry",
         pages="277-290",
         year="2012",
         doi="978-3-642-30232-9_11",
         url="http://www.informationgeometry.org/MIG/",
         pubblisher="Springer",
         isbn="978-3-642-30231-2"
}

@inproceedings{MIG2012-Chapter12,
         author="M. K. Bhuyan and T. Malathi",
         title="Review of the Application of Matrix Information Theory in Video Surveillance",
         editor="Frank Nielsen and Rajendra Bhatia",
         booktitle="Matrix Information Geometry",
         pages="293-321",
         year="2012",
         doi="978-3-642-30232-9_12",
         url="http://www.informationgeometry.org/MIG/",
         pubblisher="Springer",
         isbn="978-3-642-30231-2"
}

@inproceedings{MIG2012-Chapter13,
         author="Tapan Pradhan and Aurobinda Routray and Bibek Kabi",
         title="Comparative Evaluation of Symmetric {SVD} Algorithms for Real-Time Face and Eye Tracking",
         editor="Frank Nielsen and Rajendra Bhatia",
         booktitle="Matrix Information Geometry",
         pages="323-340",
         year="2012",
         doi="978-3-642-30232-9_13",
         url="http://www.informationgeometry.org/MIG/",
         pubblisher="Springer",
         isbn="978-3-642-30231-2"
}

@inproceedings{MIG2012-Chapter14,
         author="Arnaud Dessein and Arshia Cont and Guillaume Lemaitre",
         title="Real-Time Detection of Overlapping Sound Events with Non-Negative Matrix Factorization",
         editor="Frank Nielsen and Rajendra Bhatia",
         booktitle="Matrix Information Geometry",
         pages="341-371",
         year="2012",
         doi="978-3-642-30232-9_14",
         url="http://www.informationgeometry.org/MIG/",
         pubblisher="Springer",
         isbn="978-3-642-30231-2"
}

@inproceedings{MIG2012-Chapter15,
         author="Richard Nock and Brice Magdalou and Eric Briys and Frank Nielsen",
         title="Mining Matrix Data with {B}regman Matrix Divergences for Portfolio Selection",
         editor="Frank Nielsen and Rajendra Bhatia",
         booktitle="Matrix Information Geometry",
         pages="373-402",
         year="2012",
         doi="978-3-642-30232-9_15",
         url="http://www.informationgeometry.org/MIG/",
         pubblisher="Springer",
         isbn="978-3-642-30231-2"
}

@inproceedings{MIG2012-Chapter16,
         author="Olivier Schwander and Frank Nielsen",
         title="Learning Mixtures by Simplifying Kernel Density Estimators",
         editor="Frank Nielsen and Rajendra Bhatia",
         booktitle="Matrix Information Geometry",
         pages="403-426",
         year="2012",
         doi="978-3-642-30232-9_16",
         url="http://www.informationgeometry.org/MIG/",
         pubblisher="Springer",
         isbn="978-3-642-30231-2"
}

@inproceedings{MIG2012-Chapter17,
         author="Hichem Snoussi",
         title="Particle Filtering on {R}iemannian Manifolds. {A}pplication to Covariance Matrices Tracking",
         editor="Frank Nielsen and Rajendra Bhatia",
         booktitle="Matrix Information Geometry",
         pages="427-449",
         year="2012",
         doi="978-3-642-30232-9_17",
         url="http://www.informationgeometry.org/MIG/",
         pubblisher="Springer",
         isbn="978-3-642-30231-2"
}

