@book{fisher1993statistical,
  title={Statistical analysis of spherical data},
  author={Fisher, Nicholas I and Lewis, Toby and Embleton, Brian JJ},
  year={1993},
  publisher={Cambridge university press}
}

@incollection{bacak2014convex,
  title={Convex analysis and optimization in Hadamard spaces},
  author={Bac{\'a}k, Miroslav},
  booktitle={Convex Analysis and Optimization in Hadamard Spaces},
  year={2014},
  publisher={de Gruyter}
}

@article{wei2019mixtures,
  title={Mixtures of generalized hyperbolic distributions and mixtures of skew-t distributions for model-based clustering with incomplete data},
  author={Wei, Yuhong and Tang, Yang and McNicholas, Paul D},
  journal={Computational Statistics \& Data Analysis},
  volume={130},
  pages={18--41},
  year={2019},
  publisher={Elsevier}
}

@article{nielsen2022f,
  title={{On $f$-divergences between {C}auchy distributions}},
  author={Nielsen, Frank and Okamura, Kazuki},
  journal={IEEE Transactions on Information Theory},
  volume={69},
  number={5},
  pages={3150--3171},
  year={2023},
  publisher={IEEE}
}

@article{wraith2015location,
  title={Location and scale mixtures of Gaussians with flexible tail behaviour: Properties, inference and application to multivariate clustering},
  author={Wraith, Darren and Forbes, Florence},
  journal={Computational Statistics \& Data Analysis},
  volume={90},
  pages={61--73},
  year={2015},
  publisher={Elsevier}
}
@incollection{barndorff1981hyperbolic,
  title={Hyperbolic distributions and ramifications: Contributions to theory and application},
  author={Barndorff-Nielsen, Ole and Blaesild, Preben},
  booktitle={Statistical distributions in scientific work},
  pages={19--44},
  year={1981},
  publisher={Springer}
}

@article{Verdu2023,
title ={{The Cauchy Distribution in Information Theory}},
author = {Verd{\'u}, Sergio},
journal = {entropy},
year ={2023},
volume = {25},
  number={2},
  pages={346},
}

@article{Fairchild2020,
title = {Sectional {C}urvature in {R}iemannian {M}anifolds},
author = {Fairchild, Elliott and Owen, Francis and Healy, Brendan Burns},
journal = {The Mathematica Journal},
volume = {22},
year = {2020},
}

@article{ConformalCEF-Kumon-2016,
  title={Conformal geometry of sequential test in multidimensional curved exponential family},
  author={Kumon, Masayuki and Takemura, Akimichi and Takeuchi, Kei},
  journal={Sequential Analysis},
  volume={35},
  number={1},
  pages={30--68},
  year={2016},
  publisher={Taylor \& Francis}
}
FIM p. 126
@book{barndorff1989decomposition,
  title={Decomposition and invariance of measures, and statistical transformation models},
  author={Barndorff-Nielsen, Ole E and Bl{\ae}sild, Preben and Eriksen, Poul S},
  series={Lecture Notes in Statistics},
  volume={58},
  year={1989},
  publisher={Springer Science \& Business Media}
}

@article{blaesild1981two,
  title={{The two-dimensional hyperbolic distribution and related distributions, with an application to Johannsen's bean data}},
  author={Bl{\ae}sild, Preben},
  journal={Biometrika},
  volume={68},
  number={1},
  pages={251--263},
  year={1981},
  publisher={Oxford University Press}
}

@article{juttner1911maxwellsche,
  title={{Das Maxwellsche Gesetz der Geschwindigkeitsverteilung in der Relativtheorie}},
  author={J{\"u}ttner, Ferencz},
  journal={Annalen der Physik},
  volume={339},
  number={5},
  pages={856--882},
  year={1911},
  publisher={Wiley Online Library}
}

@article{barndorff1977exponentially,
  title={Exponentially decreasing distributions for the logarithm of particle size},
  author={Barndorff-Nielsen, Ole},
  journal={Proceedings of the Royal Society of London. A. Mathematical and Physical Sciences},
  volume={353},
  number={1674},
  pages={401--419},
  year={1977},
  publisher={The Royal Society London}
}

@article{barndorff1982hyperbolic,
  title={The hyperbolic distribution in statistical physics},
  author={Barndorff-Nielsen, Ole},
  journal={Scandinavian Journal of Statistics},
 Volume = {9},
  pages={43--46},
  year={1982},
  publisher={JSTOR}
}

@article{qiao2010study,
  title={A study on invariance of $f$-divergence and its application to speech recognition},
  author={Qiao, Yu and Minematsu, Nobuaki},
  journal={IEEE Transactions on Signal Processing},
  volume={58},
  number={7},
  pages={3884--3890},
  year={2010},
  publisher={IEEE}
}

@book{gentle2003random,
  title={Random number generation and Monte Carlo methods},
  author={Gentle, James E},
  volume={381},
  year={2003},
  publisher={Springer}
}

@article{nielsen2012hyperbolic,
  title={{The hyperbolic Voronoi diagram in arbitrary dimension}},
  author={Nielsen, Frank and Nock, Richard},
  journal={arXiv preprint arXiv:1210.8234},
  year={2012}
}

@article{nielsen2020siegel,
  title={The Siegel--Klein Disk: Hilbert Geometry of the Siegel Disk Domain},
  author={Nielsen, Frank},
  journal={Entropy},
  volume={22},
  number={9},
  pages={1019},
  year={2020},
  publisher={MDPI}
}
@article{dolcetti2020elliptic,
  title={Elliptic isometries of the manifold of definite positive real matrices with the trace metric},
  author={Dolcetti, Alberto and Pertici, Donato},
  journal={arXiv preprint arXiv:2001.10250},
  year={2020}
}
@article{hnizdo2010thermodynamic,
  title={Thermodynamic and differential entropy under a change of variables},
  author={Hnizdo, Vladimir and Gilson, Michael K},
  journal={Entropy},
  volume={12},
  number={3},
  pages={578--590},
  year={2010},
  publisher={Molecular Diversity Preservation International}
} 
@article{montanaro2022rethinking,
  title={Rethinking the compositionality of point clouds through regularization in the hyperbolic space},
  author={Montanaro, Antonio and Valsesia, Diego and Magli, Enrico},
  journal={arXiv preprint arXiv:2209.10318},
  year={2022}
}

@inproceedings{nagano2019wrapped,
  title={A wrapped normal distribution on hyperbolic space for gradient-based learning},
  author={Nagano, Yoshihiro and Yamaguchi, Shoichiro and Fujita, Yasuhiro and Koyama, Masanori},
  booktitle={International Conference on Machine Learning},
  pages={4693--4702},
  year={2019},
  organization={PMLR}
}

@article{grover2022public,
  title={Public Wisdom Matters! Discourse-Aware Hyperbolic Fourier Co-Attention for Social-Text Classification},
  author={Grover, Karish and Angara, SM and Akhtar, Md and Chakraborty, Tanmoy and others},
  journal={arXiv preprint arXiv:2209.13017},
  year={2022}
}
@article{cho2022rotated,
  title={A Rotated Hyperbolic Wrapped Normal Distribution for Hierarchical Representation Learning},
  author={Cho, Seunghyuk and Lee, Juyong and Park, Jaesik and Kim, Dongwoo},
  journal={arXiv preprint arXiv:2205.13371},
  year={2022}
}

@inproceedings{song2022preliminary,
  title={A Preliminary Exploration of Extractive Multi-Document Summarization in Hyperbolic Space},
  author={Song, Mingyang and Feng, Yi and Jing, Liping},
  booktitle={Proceedings of the 31st ACM International Conference on Information \& Knowledge Management},
  pages={4505--4509},
  year={2022}
}

@article{osterreicher2003new,
  title={A new class of metric divergences on probability spaces and its applicability in statistics},
  author={Osterreicher, Ferdinand and Vajda, Igor},
  journal={Annals of the Institute of Statistical Mathematics},
  volume={55},
  number={3},
  pages={639--653},
  year={2003},
  publisher={Kluwer Academic Publishers}
}

@article{nielsen2013information,
  title={{An information-geometric characterization of Chernoff information}},
  author={Nielsen, Frank},
  journal={IEEE Signal Processing Letters},
  volume={20},
  number={3},
  pages={269--272},
  year={2013},
  publisher={IEEE}
}


@book{shima2007geometry,
  title={{The geometry of Hessian structures}},
  author={Shima, Hirohiko},
  year={2007},
  publisher={World Scientific}
}
@article{chernoff1952measure,
  title={A measure of asymptotic efficiency for tests of a hypothesis based on the sum of observations},
  author={Chernoff, Herman},
  journal={The Annals of Mathematical Statistics},
  pages={493--507},
  year={1952},
  publisher={JSTOR}
}
@article{yang2017approximating,
  title={{On approximating the modified Bessel function of the second kind}},
  author={Yang, Zhen-Hang and Chu, Yu-Ming},
  journal={Journal of inequalities and applications},
  volume={2017},
  number={1},
  pages={1--8},
  year={2017},
  publisher={SpringerOpen}
}

@book{rockafellar1970convex,
  title={Convex analysis},
  author={Rockafellar, R Tyrrell},
  volume={18},
  year={1970},
  publisher={Princeton university press}
}

@inproceedings{nielsen2010hyperbolic,
  title={{Hyperbolic Voronoi diagrams made easy}},
  author={Nielsen, Frank and Nock, Richard},
  booktitle={2010 International Conference on Computational Science and Its Applications},
  pages={74--80},
  year={2010},
  organization={IEEE}
}

@article{Faraut-1974,
  title={Distances hilbertiennes invariantes sur un espace homog\`ene},
  author={Faraut, Jacques and Harzallah, Kh{\'e}lifa},
  booktitle={Annales de l'institut Fourier},
  volume={24},
  number={3},
  pages={171--217},
  year={1974}
}

@incollection{blaesild1981multivariate,
  title={Multivariate distributions of hyperbolic type},
  author={Blaesild, Preben and Jensen, J Ledet},
  booktitle={Statistical distributions in scientific work},
  pages={45--66},
  year={1981},
  publisher={Springer}
}

@inproceedings{Tojo2022,
  title={Classification problem of invariant $q$-exponential families on homogeneous spaces},
  author={Tojo, Koichi and Yoshino, Taro},
  booktitle={Mathematical optimization and statistical theories using geometric methods OCAMI Reports Vol.8},
  pages={85--104},
  year={2022},
  organization={Osaka Central Advanced Mathematical Institute (OCAMI)},
  doi = {10.24544/ocu.20221208-007},
}

@inproceedings{cho2019large,
  title={Large-margin classification in hyperbolic space},
  author={Cho, Hyunghoon and DeMeo, Benjamin and Peng, Jian and Berger, Bonnie},
  booktitle={The 22nd international conference on artificial intelligence and statistics},
  pages={1832--1840},
  year={2019},
  organization={PMLR}
}

@article{casalis1998test,
  title={A test for the equality of the direction parameters in a sample from the N-dimensional hyperboloid distribution},
  author={Casalis, Muriel and Massam, H{\'e}l{\`e}ne},
  journal={Journal of statistical planning and inference},
  volume={74},
  number={2},
  pages={229--251},
  year={1998},
  publisher={Elsevier}
}

@article{massam1989exact,
  title={An Exact Decomposition Theorem for a Sample from the Three-Dimensional Hyperboloid Distribution},
  author={Massam, H{\'e}l{\`e}ne},
  journal={Journal of the Royal Statistical Society: Series B (Methodological)},
  volume={51},
  number={2},
  pages={235--240},
  year={1989},
  publisher={Wiley Online Library}
}

@inproceedings{cohen2015harmonic,
  title={Harmonic exponential families on manifolds},
  author={Cohen, Taco and Welling, Max},
  booktitle={International Conference on Machine Learning},
  pages={1757--1765},
  year={2015},
  organization={PMLR}
}


@article{dhillon2008matrix,
  title={{Matrix nearness problems with Bregman divergences}},
  author={Dhillon, Inderjit S and Tropp, Joel A},
  journal={SIAM Journal on Matrix Analysis and Applications},
  volume={29},
  number={4},
  pages={1120--1146},
  year={2008},
  publisher={SIAM}
}

@inproceedings{cohen2014learning,
  title={{Learning the irreducible representations of commutative Lie groups}},
  author={Cohen, Taco and Welling, Max},
  booktitle={International Conference on Machine Learning},
  pages={1755--1763},
  year={2014},
  organization={PMLR}
}

@article{welling2004exponential,
  title={Exponential family harmoniums with an application to information retrieval},
  author={Welling, Max and Rosen-Zvi, Michal and Hinton, Geoffrey E},
  journal={Advances in neural information processing systems},
  volume={17},
  year={2004}
}


@article{ConjugatePrior-1979,
  title={Conjugate priors for exponential families},
  author={Diaconis, Persi and Ylvisaker, Donald},
  journal={The Annals of statistics},
  pages={269--281},
  year={1979} 
}


@inproceedings{Sarkar-2011,
  title={{Low distortion Delaunay embedding of trees in hyperbolic plane}},
  author={Sarkar, Rik},
  booktitle={International Symposium on Graph Drawing},
  pages={355--366},
  year={2011},
  organization={Springer}
}

@book{EF-2014,
  title={Information and exponential families: in statistical theory},
  author={Barndorff-Nielsen, Ole},
  year={2014},
  publisher={John Wiley \& Sons}
}

@incollection{nielsen2021geodesic,
  title={On geodesic triangles with right angles in a dually flat space},
  author={Nielsen, Frank},
  booktitle={Progress in Information Geometry},
  pages={153--190},
  year={2021},
  publisher={Springer}
}


@article{cannon1997hyperbolic,
  title={Hyperbolic geometry},
  author={Cannon, James W and Floyd, William J and Kenyon, Richard and Parry, Walter R and others},
  journal={Flavors of geometry},
  volume={31},
  number={59-115},
  pages={2},
  year={1997}
}
@book{stillwell1996sources,
  title={Sources of hyperbolic geometry},
  author={Stillwell, John},
  number={10},
  year={1996},
  publisher={American Mathematical Soc.}
}


@inproceedings{UDE-2004,
author = {Altun, Yasemin and Smola, Alex J. and Hofmann, Thomas},
title = {Exponential Families for Conditional Random Fields},
year = {2004},
isbn = {0974903906},
publisher = {AUAI Press},
address = {Arlington, Virginia, USA},
abstract = {In this paper we define conditional random fields in reproducing kernel Hilbert spaces and show connections to Gaussian Process classification. More specifically, we prove decomposition results for undirected graphical models and we give constructions for kernels. Finally we present efficient means of solving the optimization problem using reduced rank decompositions and we show how stationarity can be exploited efficiently in the optimization process.},
booktitle = {Proceedings of the 20th Conference on Uncertainty in Artificial Intelligence},
pages = {2\UTF{2013}9},
numpages = {8},
location = {Banff, Canada},
series = {UAI '04}
}



@inproceedings{blumenthal1983rham,
  title={{De Rham decomposition theorems for foliated manifolds}},
  author={Blumenthal, Robert A and Hebda, James J},
  booktitle={Annales de l'institut Fourier},
  volume={33},
  number={2},
  pages={183--198},
  year={1983}
}

@article{dempster1977maximum,
  title={{Maximum likelihood from incomplete data via the EM algorithm}},
  author={Dempster, Arthur P and Laird, Nan M and Rubin, Donald B},
  journal={Journal of the Royal Statistical Society: Series B (Methodological)},
  volume={39},
  number={1},
  pages={1--22},
  year={1977},
  publisher={Wiley Online Library}
}
@article{banerjee2005clustering,
  title={{Clustering with Bregman divergences}},
  author={Banerjee, Arindam and Merugu, Srujana and Dhillon, Inderjit S and Ghosh, Joydeep and Lafferty, John},
  journal={Journal of machine learning research},
  volume={6},
  number={10},
  year={2005}
}

@article{vMFclustering-2005,
  title={{Clustering on the Unit Hypersphere using von Mises-Fisher Distributions}},
  author={Banerjee, Arindam and Dhillon, Inderjit S and Ghosh, Joydeep and Sra, Suvrit and Ridgeway, Greg},
  journal={Journal of Machine Learning Research},
  volume={6},
  number={9},
  year={2005}
}

@incollection{ungar2012mobius,
  title={{M{\"o}bius transformation and Einstein velocity addition in the hyperbolic geometry of Bolyai and Lobachevsky}},
  author={Ungar, Abraham Albert},
  booktitle={Nonlinear analysis},
  pages={721--770},
  year={2012},
  publisher={Springer}
}

@article{troshin2017generalization,
  title={{On generalization of Sierpi{\'n}ski gasket in Lobachevskii plane}},
  author={Troshin, PI},
  journal={Lobachevskii Journal of Mathematics},
  volume={38},
  number={4},
  pages={751--762},
  year={2017},
  publisher={Springer}
}
@article{andreev1970convex,
  title={{On convex polyhedra of finite volume in Lobachevskii space}},
  author={Andreev, Evgeny M},
  journal={Matematicheskii Sbornik},
  volume={125},
  number={2},
  pages={256--260},
  year={1970},
  publisher={Russian Academy of Sciences, Steklov Mathematical Institute of Russian~…}
}



@book{Eaton-1989,
  title={Group invariance applications in statistics},
  author={Eaton, Morris L},
  year={1989},
   Publisher = {Hayward, CA: Institute of Mathematical Statistics; Alexandria, VA: American Statistical Association},
}

@inproceedings{Lorentz-2018,
  title={{Learning continuous hierarchies in the Lorentz model of hyperbolic geometry}},
  author={Nickel, Maximillian and Kiela, Douwe},
  booktitle={International Conference on Machine Learning},
  pages={3779--3788},
  year={2018},
  organization={PMLR}
}

@article{PoincareEmbedding-2017,
  title={Poincar{\'e} embeddings for learning hierarchical representations},
  author={Nickel, Maximillian and Kiela, Douwe},
  journal={Advances in neural information processing systems},
  volume={30},
  year={2017}
}
@article{lim2019geometric,
  title={Geometric distance between positive definite matrices of different dimensions},
  author={Lim, Lek-Heng and Sepulchre, Rodolphe and Ye, Ke},
  journal={IEEE Transactions on Information Theory},
  volume={65},
  number={9},
  pages={5401--5405},
  year={2019},
  publisher={IEEE}
}
@inproceedings{heuveline2021gaussian,
  title={{Gaussian distributions on Riemannian symmetric spaces in the large $N$ limit}},
  author={Heuveline, Simon and Said, Salem and Mostajeran, Cyrus},
  booktitle={International Conference on Geometric Science of Information},
  pages={20--28},
  year={2021},
  organization={Springer}
}


@article{agarwal2010geometric,
  title={A geometric view of conjugate priors},
  author={Agarwal, Arvind and Daum{\'e}, Hal},
  journal={Machine learning},
  volume={81},
  number={1},
  pages={99--113},
  year={2010},
  publisher={Springer}
}


@article{Bregman-1967,
  title={The relaxation method of finding the common point of convex sets and its application to the solution of problems in convex programming},
  author={Bregman, Lev M.},
  journal={USSR computational mathematics and mathematical physics},
  volume={7},
  number={3},
  pages={200--217},
  year={1967},
  publisher={Elsevier}
}

@article{IG-2022,
  title={The Many Faces of Information Geometry},
  author={Nielsen, Frank},
  journal={Notices Of The American Mathematical Society},
  volume={69},
  number={1},
  year={2022}
}


@book{IG-2016,
  title={Information geometry and its applications},
  author={Amari, Shun-ichi},
  volume={194},
  year={2016},
  publisher={Springer}
}

@inproceedings{Ganea-2018,
  title={Hyperbolic entailment cones for learning hierarchical embeddings},
  author={Ganea, Octavian and B{\'e}cigneul, Gary and Hofmann, Thomas},
  booktitle={International Conference on Machine Learning},
  pages={1646--1655},
  year={2018},
  organization={PMLR}
}

@inproceedings{HyperbolicEmbeddings-2018,
  title={Representation tradeoffs for hyperbolic embeddings},
  author={Sala, Frederic and De Sa, Chris and Gu, Albert and R{\'e}, Christopher},
  booktitle={International conference on machine learning},
  pages={4460--4469},
  year={2018},
  organization={PMLR}
}

@inproceedings{HVD-2014,
  title={{Visualizing hyperbolic Voronoi diagrams}},
  author={Nielsen, Frank and Nock, Richard},
  booktitle={Proceedings of the thirtieth annual symposium on Computational geometry},
  pages={90--91},
  year={2014}
}

@book{HG-2006,
  title={Hyperbolic geometry},
  author={Anderson, James W},
  year={2006},
  publisher={Springer Science \& Business Media}
}

@inproceedings{GaussianPoincare-2019,
  title={{Lie group machine learning and Gibbs density on Poincar{\'e} unit disk from Souriau Lie groups thermodynamics and $SU(1,1)$ coadjoint orbits}},
  author={Barbaresco, Fr{\'e}d{\'e}ric},
  booktitle={International Conference on Geometric Science of Information},
  pages={157--170},
  year={2019},
  organization={Springer}
}

@inproceedings{barbaresco2021gaussian,
  title={Gaussian Distributions on the Space of Symmetric Positive Definite Matrices from Souriau’s Gibbs State for Siegel Domains by Coadjoint Orbit and Moment Map},
  author={Barbaresco, Fr{\'e}d{\'e}ric},
  booktitle={International Conference on Geometric Science of Information},
  pages={245--255},
  year={2021},
  organization={Springer}
}


@article{CharacterizationMonotoneDivergence-1998,
  title={A characterization of monotone and regular divergences},
  author={Corcuera, Jos\'e Manuel and Giummol{\`e}, Federica},
  journal={Annals of the Institute of Statistical Mathematics},
  volume={50},
  number={3},
  pages={433--450},
  year={1998},
  publisher={Springer}
}

@article{PreserveCauchyTransformations-2013,
  title={{Transformations which preserve Cauchy distributions and their ergodic properties}},
  author={Ishitani, Hiroshi},
  journal={Tokyo Journal of Mathematics},
  volume={36},
  number={1},
  pages={177--193},
  year={2013},
  publisher={Publication Committee for the Tokyo Journal of Mathematics}
}

@article{HookeStatMfd-2000,
  title={Hooke’s law in statistical manifolds and divergences},
  author={Henmi, Masayuki and Kobayashi, Ryoichi},
  journal={Nagoya Mathematical Journal},
  volume={159},
  pages={1--24},
  year={2000},
  publisher={Cambridge University Press}
}

@article{nielsen2022i,
  title={{Information measures and geometry of the hyperbolic exponential families of Poincar\'e and hyperboloid  distributions}},
  author={Nielsen, Frank and Okamura, Kazuki},
  journal={arXiv preprint arXiv:2205.13984},
  year={2022}
}

@article{nielsen2021f,
  title={{On $f$-divergences between Cauchy distributions}},
  author={Nielsen, Frank and Okamura, Kazuki},
  journal={arXiv preprint arXiv:2101.12459},
  year={2021}
}

@article{BVD-2010,
  title={{Bregman Voronoi diagrams}},
  author={Boissonnat, Jean-Daniel and Nielsen, Frank and Nock, Richard},
  journal={Discrete \& Computational Geometry},
  volume={44},
  number={2},
  pages={281--307},
  year={2010},
  publisher={Springer}
}


@article{atkinson1981rao,
  title={Rao's distance measure},
  author={Atkinson, Colin and Mitchell, Ann FS},
  journal={Sankhy{\=a}: The Indian Journal of Statistics, Series A},
  pages={345--365},
  year={1981},
  publisher={JSTOR}
}
@article{chossat2009hyperbolic,
  title={Hyperbolic planforms in relation to visual edges and textures perception},
  author={Chossat, Pascal and Faugeras, Olivier},
  journal={PLoS computational biology},
  volume={5},
  number={12},
  pages={e1000625},
  year={2009},
  publisher={Public Library of Science San Francisco, USA}
}
@article{dai2019analyzing,
  title={Analyzing dynamical brain functional connectivity as trajectories on space of covariance matrices},
  author={Dai, Mengyu and Zhang, Zhengwu and Srivastava, Anuj},
  journal={IEEE transactions on medical imaging},
  volume={39},
  number={3},
  pages={611--620},
  year={2019},
  publisher={IEEE}
}

@phdthesis{Thanwerdas-2022,
  title={Riemannian and stratified geometries of covariance and correlation matrices},
  author={Yann Thanwerdas},
  year={2022},
  school={University of Nice C\^ote d'Azur, France}
}

@article{HormannLeydold2014,
    AUTHOR = {H\"{o}rmann, Wolfgang and Leydold, Josef},
     TITLE = {Generating generalized inverse {G}aussian random variates},
    JOURNAL = {Statistics and Computing},
    VOLUME = {24},
      YEAR = {2014},
    NUMBER = {4},
     PAGES = {547--557},
}

@article{ali1966general,
  title={A general class of coefficients of divergence of one distribution from another},
  author={Ali, Syed Mumtaz and Silvey, Samuel D},
  journal={Journal of the Royal Statistical Society: Series B (Methodological)},
  volume={28},
  number={1},
  pages={131--142},
  year={1966},
  publisher={Wiley Online Library}
}
@article{csiszar1964informationstheoretische,
  title={Eine informationstheoretische ungleichung und ihre anwendung auf beweis der ergodizitaet von markoffschen ketten},
  author={Csisz{\'a}r, Imre},
  journal={Magyer Tud. Akad. Mat. Kutato Int. Koezl.},
  volume={8},
  pages={85--108},
  year={1964}
}

@Article{Barndorff-Nielsen1978hyperbolic,
 Author = {Barndorff-Nielsen, O.},
 Title = {Hyperbolic distributions and distributions on hyperbolae},
 Journal = {Scandinavian Journal of Statistics},
 Volume = {5},
 Pages = {151--157},
 Year = {1978},
}

@inproceedings{shimizu2021hyperbolic,
title={Hyperbolic Neural Networks++},
author={Ryohei Shimizu and Yusuke Mukuta and Tatsuya Harada},
booktitle={International Conference on Learning Representations},
year={2021}
}

@article{nielsen2009statistical,
  title={Statistical exponential families: A digest with flash cards},
  author={Nielsen, Frank and Garcia, Vincent},
  journal={arXiv preprint arXiv:0911.4863},
  year={2009}
}
@inproceedings{suris2021learning,
  title={Learning the Predictability of the Future},
  author={Sur{\'\i}s, D{\'\i}dac and Liu, Ruoshi and Vondrick, Carl},
  booktitle={Proceedings of the IEEE/CVF Conference on Computer Vision and Pattern Recognition},
  pages={12607--12617},
  year={2021}
}

@inproceedings{tojo-2020,
  title={An Exponential Family on the Upper Half Plane and Its Conjugate Prior},
  author={Tojo, Koichi and Yoshino, Taro},
  booktitle={Workshop on Joint Structures and Common Foundations of Statistical Physics, Information Geometry and Inference for Learning},
  pages={84--95},
  year={2020},
  organization={Springer}
}


@article{tojo2021harmonic,
  title={Harmonic exponential families on homogeneous spaces},
  author={Tojo, Koichi and Yoshino, Taro},
  journal={Information Geometry},
  volume={4},
  number={1},
  pages={215--243},
  year={2021},
  publisher={Springer}
}

@article{HyperboloidDistribution-1981,
  title={On the hyperboloid distribution},
  author={Jensen, Jens Ledet},
  journal={Scandinavian Journal of Statistics},
  volume={8},
  pages={193--206},
  year={1981} 
}

@Article{Jaynes-1968,
 Author = {Jaynes, E. T.},
 Title = {Prior probabilities},
 Journal = {IEEE Transactions on Systems Science and Cybernetics},
 Volume = {4},
 Pages = {227--241},
 Year = {1968},
}



@article{BR-2011,
  title={{The Burbea-Rao and Bhattacharyya centroids}},
  author={Nielsen, Frank and Boltz, Sylvain},
  journal={IEEE Transactions on Information Theory},
  volume={57},
  number={8},
  pages={5455--5466},
  year={2011},
  publisher={IEEE}
}
 
@article{azoury2001relative,
  title={Relative loss bounds for on-line density estimation with the exponential family of distributions},
  author={Azoury, Katy S and Warmuth, Manfred K},
  journal={Machine Learning},
  volume={43},
  number={3},
  pages={211--246},
  year={2001},
  publisher={Springer}
}


@inproceedings{EntropyEF-2010,
  title={Entropies and cross-entropies of exponential families},
  author={Nielsen, Frank and Nock, Richard},
  booktitle={2010 IEEE International Conference on Image Processing},
  pages={3621--3624},
  year={2010},
  organization={IEEE}
}

@book {Gradshteyn2015,
    AUTHOR = {Gradshteyn, I. S. and Ryzhik, I. M.},
     TITLE = {Table of integrals, series, and products},
   EDITION = {Eighth},
 PUBLISHER = {Elsevier/Academic Press, Amsterdam},
      YEAR = {2015},
     PAGES = {xlvi+1133},
      ISBN = {978-0-12-384933-5},
}

