

@inproceedings{RFF-2008,
  title={Random features for large-scale kernel machines},
  author={Rahimi, Ali and Recht, Benjamin},
  booktitle={Advances in neural information processing systems},
  pages={1177--1184},
  year={2008}
}

@inproceedings{Bregball-2005,
  title={Fitting the smallest enclosing {B}regman ball},
  author={Nock, Richard and Nielsen, Frank},
  booktitle={ECML},
  pages={649--656},
  organization={Springer},
	year=2005
}


@article{Nielsen-2008,
  title={On the smallest enclosing information disk},
  author={Nielsen, Frank and Nock, Richard},
  journal={Information Processing Letters},
  volume={105},
  number={3},
  pages={93--97},
  year={2008},
  publisher={Elsevier}
}

@article{Welzl-1991,
  title={Smallest enclosing disks (balls and ellipsoids)},
  author={Welzl, Emo},
  journal={New results and new trends in computer science},
  pages={359--370},
  year={1991},
  publisher={Springer}
}


@inproceedings{kumar-2003,
  title={Computing Core-Sets and Approximate Smallest Enclosing HyperSpheres in High Dimensions},
  author={Kumar, Piyush and Mitchell, Joseph SB and Yildirim, E Alper and Y{\i}ld{\i}r{\i}m, E Alper},
  booktitle={ALENEX), Lecture Notes Comput. Sci},
  year={2003},
  organization={Citeseer}
}

@book{kernel-2001,
 author = {Scholkopf, Bernhard and Smola, Alexander J.},
 title = {Learning with Kernels: Support Vector Machines, Regularization, Optimization, and Beyond},
 year = {2001},
 isbn = {0262194759},
 publisher = {MIT Press},
 address = {Cambridge, MA, USA},
} 

@article{CoresetBall-2008,
  title={Optimal core-sets for balls},
  author={B{\u{a}}doiu, Mihai and Clarkson, Kenneth L},
  journal={Computational Geometry},
  volume={40},
  number={1},
  pages={14--22},
  year={2008},
  publisher={Elsevier}
}

@article{SEB-1999,
  title={Fast and robust smallest enclosing balls},
  author={G{\"a}rtner, Bernd},
  journal={Algorithms-ESA’99},
  pages={693--693},
  year={1999},
  publisher={Springer}
}


@article{SVDD-1999,
  title={Support vector domain description},
  author={Tax, David MJ and Duin, Robert PW},
  journal={Pattern recognition letters},
  volume={20},
  number={11},
  pages={1191--1199},
  year={1999},
  publisher={Elsevier}
}

@article{SVDD-2004,
  title={Support vector data description},
  author={Tax, David MJ and Duin, Robert PW},
  journal={Machine learning},
  volume={54},
  number={1},
  pages={45--66},
  year={2004},
  publisher={Springer}
}

@article{SVC-2001,
  title={Support vector clustering},
  author={Ben-Hur, Asa and Horn, David and Siegelmann, Hava T and Vapnik, Vladimir},
  journal={Journal of machine learning research},
  volume={2},
  number={Dec},
  pages={125--137},
  year={2001}
}


@inproceedings{BC-2003,
  title={Smaller core-sets for balls},
  author={Badoiu, Mihai and Clarkson, Kenneth L},
  booktitle={Proceedings of the fourteenth annual ACM-SIAM symposium on Discrete algorithms},
  pages={801--802},
  year={2003},
  organization={Society for Industrial and Applied Mathematics}
}


@inproceedings{SVDD-coreset-2004,
  title={Scaling up support vector data description by using core-sets},
  author={Chu, Calvin S and Tsang, Ivor W and Kwok, James T},
  booktitle={Neural Networks, 2004. Proceedings. 2004 IEEE International Joint Conference on},
  volume={1},
  pages={425--430},
  year={2004},
  organization={IEEE}
}


@article{Bulatov-2004,
  title={Hand recognition using geometric classifiers},
  author={Bulatov, Yaroslav and Jambawalikar, Sachin and Kumar, Piyush and Sethia, Saurabh},
  journal={Biometric Authentication},
  pages={1--29},
  year={2004},
  publisher={Springer}
}

@article{kim2015deep,
  title={Deep learning with support vector data description},
  author={Kim, Sangwook and Choi, Yonghwa and Lee, Minho},
  journal={Neurocomputing},
  volume={165},
  pages={111--117},
  year={2015},
  publisher={Elsevier}
}


@article{shenmaier2015complexity,
  title={Complexity and approximation of the smallest $k$-enclosing ball problem},
  author={Shenmaier, Vladimir},
  journal={European Journal of Combinatorics},
  volume={48},
  pages={81--87},
  year={2015},
  publisher={Elsevier}
}


@article{PythaI-2002,
  title={The Pythagorean theorem: {I}. The finite case},
  author={Kadison, Richard V},
  journal={Proceedings of the National Academy of Sciences},
  volume={99},
  number={7},
  pages={4178--4184},
  year={2002},
  publisher={National Acad Sciences}
}


@article{PythaII-2002,
  title={The Pythagorean theorem: {II}. The infinite discrete case},
  author={Kadison, Richard V},
  journal={Proceedings of the National Academy of Sciences},
  volume={99},
  number={8},
  pages={5217--5222},
  year={2002},
  publisher={National Acad Sciences}
}


@Inbook{Wei2008,
author="Wei, Xunkai
and Li, Yinghong",
editor="Sun, Fuchun
and Zhang, Jianwei
and Tan, Ying
and Cao, Jinde
and Yu, Wen",
title="Theoretical Analysis of a Rigid Coreset Minimum Enclosing Ball Algorithm for Kernel Regression Estimation",
bookTitle="Advances in Neural Networks - ISNN 2008: 5th International Symposium on Neural Networks, ISNN 2008, Beijing, China, September 24-28, 2008, Proceedings, Part I",
year="2008",
publisher="Springer Berlin Heidelberg",
address="Berlin, Heidelberg",
pages="741--752",
abstract="A rigid coreset minimum enclosing ball training machine for kernel regression estimation was proposed. First, it transfers the kernel regression estimation machine problem into a center-constrained minimum enclosing ball representation form, and subsequently trains the kernel methods using the proposed MEB algorithm. The primal variables of the kernel methods are recovered via KKT conditions. Then, detailed theoretical analysis and main theoretical results of our new algorithm are given. It can be concluded that our proposed MEB training algorithm is independent of sample dimension and the time complexity is linear in sample numbers, which greatly cuts down the complexity level and is expected to speedup the learning process obviously. Finally, comments about the future development directions are discussed.",
isbn="978-3-540-87732-5",
doi="10.1007/978-3-540-87732-5_83",
url="https://doi.org/10.1007/978-3-540-87732-5_83"
}



