@book{AN02,
  title={Methods of Information Geometry},
  author={Amari, {S.} and Nagaoka, {H.} and Harada, {D.}},
  isbn={9780821843024},
  lccn={00059362},
  series={Translations of mathematical monographs},
  year={2002},
  publisher={American Mathematical Society},
}

@article{W17a,
  title={On portfolios generated by optimal transport},
  author={Wong, Ting-Kam Leonard},
  journal={arXiv preprint arXiv:1709.03169},
  year={2017}
}

@book {F02,
    AUTHOR = {Fernholz, E. Robert},
     TITLE = {Stochastic Portfolio Theory},
 PUBLISHER = {Springer},
      YEAR = {2002},
}

@incollection{FK09,
title = "Stochastic Portfolio Theory: an Overview ",
author = "Fernholz, {E.} {R.} and Karatzas, {I.}",
editor = "Ciarlet, P. G.",
booktitle = "Handbook of Numerical Analysis",
publisher = "Elsevier",
year = "2009",
volume = "15",
pages = "89 - 167",
series = "Handbook of Numerical Analysis",
}

@article{FKR17,
  title={Volatility and arbitrage},
  author={Fernholz, E Robert and Karatzas, Ioannis and Ruf, Johannes},
  journal={The Annals of Applied Probability},
  volume={28},
  number={1},
  pages={378--417},
  year={2018},
  publisher={Institute of Mathematical Statistics}
}

@article{FGH98,
  title={Diversity-weighted indexing},
  author={Fernholz, Robert and Garvy, Robert and Hannon, John},
  journal={The Journal of Portfolio Management},
  volume={24},
  number={2},
  pages={74--82},
  year={1998},
  publisher={Institutional Investor Journals Umbrella}
}

@article{BF92,
  title={Diversification returns and asset contributions},
  author={Booth, David G and Fama, Eugene F},
  journal={Financial Analysts Journal},
  volume={48},
  number={3},
  pages={26--32},
  year={1992},
  publisher={CFA Institute}
}

@book{A16,
  title={Information Geometry and Its Applications},
  author={Amari, Shun-Ichi},
  year={2016},
  publisher={Springer}
}

@article{E83,
  title={Second order efficiency of minimum contrast estimators in a curved exponential family},
  author={Eguchi, Shinto},
  journal={The Annals of Statistics},
  volume={11},
  number={3},
  pages={793--803},
  year={1983},
  publisher={Institute of Mathematical Statistics}
}

@article{PW15,
  title={The geometry of relative arbitrage},
  author={Pal, Soumik and Wong, Ting-Kam Leonard},
  journal={Mathematics and Financial Economics},
  volume={10},
  number={3},
  pages={263--293},
  year={2016},
  publisher={Springer}
}

@article{E92,
  title={Geometry of minimum contrast},
  author={Eguchi, Shinto and others},
  journal={Hiroshima Mathematical Journal},
  volume={22},
  number={3},
  pages={631--647},
  year={1992},
  publisher={Hiroshima University, Department of Mathematics}
}

@inproceedings{F99,
  title={Portfolio generating functions},
  author={Fernholz, Robert},
  booktitle={Quantitative Analysis in Financial Markets: Collected Papers of the New York University Mathematical Finance Seminar},
  volume={1},
  pages={344--367},
  year={1999},
  organization={World Scientific}
}

@article{PW16,
  title={Exponentially concave functions and a new information geometry},
  author={Pal, Soumik and Wong, Ting-Kam Leonard},
  journal={The Annals of Probability},
  volume={46},
  number={2},
  pages={1070--1113},
  year={2018},
  publisher={Institute of Mathematical Statistics}
}

@article{W17b,
  title={Logarithmic divergences from optimal transport and {R}\'{e}nyi geometry},
  author={Wong, Ting-Kam Leonard},
  journal={arXiv preprint arXiv:1712.03610},
  year={2017}
}

@article{KR17,
  title={Trading strategies generated by {L}yapunov functions},
  author={Karatzas, Ioannis and Ruf, Johannes},
  journal={Finance and Stochastics},
  volume={21},
  number={3},
  pages={753--787},
  year={2017},
  publisher={Springer}
}

@article{P17,
  title={Embedding optimal transports in statistical manifolds},
  author={Pal, Soumik},
  journal={Indian Journal of Pure and Applied Mathematics},
  volume={48},
  number={4},
  pages={541--550},
  year={2017},
  publisher={Springer}
}

@inproceedings{BH01,
  title={Interest rates and information geometry},
  author={Brody, Dorje C and Hughston, Lane P},
  booktitle={Proceedings of the Royal Society of London A: Mathematical, Physical and Engineering Sciences},
  volume={457},
  number={2010},
  pages={1343--1363},
  year={2001},
  organization={The Royal Society}
}

@inproceedings{BC13,
  title={Information geometry in mathematical finance: Model risk, worst and almost worst scenarios},
  author={Breuer, Thomas and Csisz{\'a}r, Imre},
  booktitle={Information Theory Proceedings (ISIT), 2013 IEEE International Symposium on},
  pages={404--408},
  year={2013},
  organization={IEEE}
}

@article{T13,
  title={Deformed exponentials and applications to finance},
  author={Trivellato, Barbara},
  journal={Entropy},
  volume={15},
  number={9},
  pages={3471--3489},
  year={2013},
  publisher={Multidisciplinary Digital Publishing Institute}
}

@article{KY16,
  title={Evolutionary systemic risk: Fisher information flow metric in financial network dynamics},
  author={Khashanah, Khaldoun and Yang, Hanchao},
  journal={Physica A: Statistical Mechanics and its Applications},
  volume={445},
  pages={318--327},
  year={2016},
  publisher={Elsevier}
}

@inproceedings{NMBN11,
  title={On tracking portfolios with certainty equivalents on a generalization of {M}arkowitz model: the fool, the wise and the adaptive},
  author={Nock, Richard and Magdalou, Brice and Briys, Eric and Nielsen, Frank},
  booktitle={Proceedings of the 28th International Conference on Machine Learning (ICML-11)},
  pages={73--80},
  year={2011}
}

@incollection{NMBN13,
  title={Mining matrix data with Bregman matrix divergences for portfolio selection},
  author={Nock, Richard and Magdalou, Brice and Briys, Eric and Nielsen, Frank},
  booktitle={Matrix Information Geometry},
  pages={373--402},
  year={2013},
  publisher={Springer}
}

@article{PW13,
  title={Energy, entropy, and arbitrage},
  author={Pal, Soumik and Wong, Ting-Kam Leonard},
  journal={arXiv preprint arXiv:1308.5376},
  year={2013}
}

@article{W15,
  title={Optimization of relative arbitrage},
  author={Wong, Ting-Kam Leonard},
  journal={Annals of Finance},
  volume={11},
  number={3-4},
  pages={345--382},
  year={2015},
  publisher={Springer}
}

@article{P16,
  title={Exponentially concave functions and high dimensional stochastic portfolio theory},
  author={Pal, Soumik},
  journal={arXiv preprint arXiv:1603.01865},
  year={2016}
}

@article{FK05,
  title={Relative arbitrage in volatility-stabilized markets},
  author={Fernholz, Robert and Karatzas, Ioannis},
  journal={Annals of Finance},
  volume={1},
  number={2},
  pages={149--177},
  year={2005},
  publisher={Springer}
}

@article{BFK05,
  title={Atlas models of equity markets},
  author={Banner, Adrian D and Fernholz, Robert and Karatzas, Ioannis},
  journal={The Annals of Applied Probability},
  volume={15},
  number={4},
  pages={2296--2330},
  year={2005},
  publisher={Institute of Mathematical Statistics}
}

@article{FIK13,
  title={A second-order stock market model},
  author={Fernholz, Robert and Ichiba, Tomoyuki and Karatzas, Ioannis},
  journal={Annals of Finance},
  volume={9},
  number={3},
  pages={439--454},
  year={2013},
  publisher={Springer}
}

@article{IPBKF11,
  title={Hybrid atlas models},
  author={Ichiba, Tomoyuki and Papathanakos, Vassilios and Banner, Adrian and Karatzas, Ioannis and Fernholz, Robert},
  journal={The Annals of Applied Probability},
  volume={21},
  number={2},
  pages={609--644},
  year={2011},
  publisher={Institute of Mathematical Statistics}
}

@article{DT17,
  title={Equilibrium fluctuation of the Atlas model},
  author={Dembo, Amir and Tsai, Li-Cheng},
  journal={The Annals of Probability},
  volume={45},
  number={6b},
  pages={4529--4560},
  year={2017},
  publisher={Institute of Mathematical Statistics}
}

@article{P11,
  title={Analysis of market weights under volatility-stabilized market models},
  author={Pal, Soumik},
  journal={The Annals of Applied Probability},
  volume={21},
  number={3},
  pages={1180--1213},
  year={2011},
  publisher={Institute of Mathematical Statistics}
}

@article{IPS13,
  title={Convergence rates for rank-based models with applications to portfolio theory},
  author={Ichiba, Tomoyuki and Pal, Soumik and Shkolnikov, Mykhaylo},
  journal={Probability Theory and Related Fields},
  volume={156},
  number={1-2},
  pages={415--448},
  year={2013},
  publisher={Springer}
}

@article{JR15,
  title={Capital distribution and portfolio performance in the mean-field Atlas model},
  author={Jourdain, Benjamin and Reygner, Julien},
  journal={Annals of Finance},
  volume={11},
  number={2},
  pages={151--198},
  year={2015},
  publisher={Springer}
}

@article{FKK05,
  title={Diversity and relative arbitrage in equity markets},
  author={Fernholz, Robert and Karatzas, Ioannis and Kardaras, Constantinos},
  journal={Finance and Stochastics},
  volume={9},
  number={1},
  pages={1--27},
  year={2005},
  publisher={Springer}
}

@article {FK:10,
    AUTHOR = {Fernholz, Daniel and Karatzas, Ioannis},
     TITLE = {On optimal arbitrage},
   JOURNAL = {Ann. Appl. Probab.},
  FJOURNAL = {The Annals of Applied Probability},
    VOLUME = {20},
      YEAR = {2010},
    NUMBER = {4},
     PAGES = {1179--1204},
      ISSN = {1050-5164},
   MRCLASS = {60H10 (60G44 60H30 91G80)},
  MRNUMBER = {2676936 (2011e:60129)},
MRREVIEWER = {Tina M. Marquardt},
       DOI = {10.1214/09-AAP642},
       URL = {http://dx.doi.org/10.1214/09-AAP642},
}

@article{BF08,
  title={Short-term relative arbitrage in volatility-stabilized markets},
  author={Banner, Adrian D and Fernholz, Daniel},
  journal={Annals of Finance},
  volume={4},
  number={4},
  pages={445--454},
  year={2008},
  publisher={Springer}
}

@article{VK15,
  title={Diversity-weighted portfolios with negative parameter},
  author={Vervuurt, Alexander and Karatzas, Ioannis},
  journal={Annals of Finance},
  volume={11},
  number={3-4},
  pages={411--432},
  year={2015},
  publisher={Springer}
}

@article{ETM17,
  title={Tukey’s transformational ladder for portfolio management},
  author={Ernst, Philip A and Thompson, James R and Miao, Yinsen},
  journal={Financial Markets and Portfolio Management},
  volume={31},
  number={3},
  pages={317--355},
  year={2017},
  publisher={Springer}
}

@article{MSZ18,
  title={Dynamics of observables in rank-based models and performance of functionally generated portfolios},
  author={Monter, Sergio A Almada and Shkolnikov, Mykhaylo and Zhang, Jiacheng},
  journal={arXiv preprint arXiv:1802.03593},
  year={2018}
}

@article{AFF07,
  title={A forecasting model for stock market diversity},
  author={Audrino, Francesco and Fernholz, Robert and Ferretti, Roberto G},
  journal={Annals of Finance},
  volume={3},
  number={2},
  pages={213--240},
  year={2007},
  publisher={Springer}
}

@book{R70,
  title={Convex Analysis},
  author={Rockafellar, {R.} {Tyrrell}},
  isbn={9780691015866},
  lccn={68056318},
 series={Princeton Landmarks in Mathematics},
  year={1997},
  publisher={Princeton University Press}
}


@article{RX18,
  title={Generalised Lyapunov Functions and Functionally Generated Trading Strategies},
  author={Johannes, Ruf and Kangjianan, Xie},
  journal={arXiv preprint arXiv:1801.07817},
  year={2018}
}

@phdthesis{V16,
  title={On Portfolio Construction Through Functional Generation},
  author={Vervuurt, Alexander},
  year = {2016},
  school  = {Oxford Unviersity}
}

@inproceedings{CDO07,
  title={Schwarzian derivative criteria for valence of analytic and harmonic mappings},
  author={Chuaqui, Martin and Duren, Peter and Osgood, Brad},
  booktitle={Mathematical Proceedings of the Cambridge Philosophical Society},
  volume={143},
  number={2},
  pages={473--486},
  year={2007},
  organization={Cambridge University Press}
}

@article{CSW16,
  title={Cover's universal portfolio, stochastic portfolio theory and the numeraire portfolio},
  author={Cuchiero, Christa and Schachermayer, Walter and Wong, Ting-Kam Leonard},
  journal={arXiv preprint arXiv:1611.09631},
  year={2016}
}

@article {C91,
    AUTHOR = {Cover, Thomas M.},
     TITLE = {Universal portfolios},
   JOURNAL = {Math. Finance},
  FJOURNAL = {Mathematical Finance. An International Journal of Mathematics,
              Statistics and Financial Economics},
    VOLUME = {1},
      YEAR = {1991},
    NUMBER = {1},
     PAGES = {1--29},
      ISSN = {0960-1627},
   MRCLASS = {90A09},
  MRNUMBER = {1113417 (92c:90023)},
       DOI = {10.1111/j.1467-9965.1991.tb00002.x},
       URL = {http://dx.doi.org/10.1111/j.1467-9965.1991.tb00002.x},
}

@article{HK:15,
  title={An online portfolio selection algorithm with regret logarithmic in price variation},
  author={Hazan, Elad and Kale, Satyen},
  journal={Mathematical Finance},
  volume={25},
  number={2},
  pages={288--310},
  year={2015},
  publisher={Wiley Online Library}
}

@article{wong2015universal,
  title={Universal portfolios in stochastic portfolio theory},
  author={Wong, Ting-Kam Leonard},
  journal={ preprint arXiv:1510.02808},
  year={2015}
}

@book{BV04,
  title={Convex Optimization},
  author={Boyd, Stephen and Vandenberghe, Lieven},
  year={2004},
  publisher={Cambridge University Press}
}

@book{CL06,
  title={Prediction, Learning, and Games},
  author={Cesa-Bianchi, Nicolo and Lugosi, G{\'a}bor},
  year={2006},
  publisher={Cambridge University Press}
}
