@article{menon1962characterization,
  title={{A characterization of the Cauchy distribution}},
  author={Menon, MV},
  journal={The Annals of Mathematical Statistics},
  volume={33},
  number={4},
  pages={1267--1271},
  year={1962}
}