@book{amari2016information,
  title={Information geometry and its applications},
  author={Amari, Shun-ichi},
  volume={194},
  year={2016},
  publisher={Springer}
}

@incollection{nielsen2019clustering,
  title={{Clustering in Hilbert's projective geometry: The case studies of the probability simplex and the elliptope of correlation matrices}},
  author={Nielsen, Frank and Sun, Ke},
  booktitle={Geometric Structures of Information},
  pages={297--331},
  year={2019},
  publisher={Springer}
}

@article{carroll2004birkhoff,
  title={Birkhoff's contraction coefficient},
  author={Carroll, Joseph E},
  journal={Linear algebra and its applications},
  volume={389},
  pages={227--234},
  year={2004},
  publisher={Elsevier}
}

@article{bushell1973projective,
  title={On the projective contraction ratio for positive linear mappings},
  author={Bushell, PJ},
  journal={Journal of the London Mathematical Society},
  volume={2},
  number={2},
  pages={256--258},
  year={1973},
  publisher={Oxford Academic}
}


@incollection{erb2021information,
  title={The information-geometric perspective of Compositional Data Analysis},
  author={Erb, Ionas and Ay, Nihat},
  booktitle={Advances in Compositional Data Analysis},
  pages={21--43},
  year={2021},
  publisher={Springer}
}


@article{jiao2014information,
  title={Information measures: the curious case of the binary alphabet},
  author={Jiao, Jiantao and Courtade, Thomas A and No, Albert and Venkat, Kartik and Weissman, Tsachy},
  journal={IEEE Transactions on Information Theory},
  volume={60},
  number={12},
  pages={7616--7626},
  year={2014},
  publisher={IEEE}
}

@article{birkhoff1957extensions,
  title={{Extensions of Jentzsch's theorem}},
  author={Birkhoff, Garrett},
  journal={Transactions of the American Mathematical Society},
  volume={85},
  number={1},
  pages={219--227},
  year={1957},
  publisher={JSTOR}
}