

@article{Erdos-1947,
  title={Some remarks on the theory of graphs},
  author={Erd{\"o}s, Paul},
  journal={Bulletin of the American Mathematical Society},
  volume={53},
  number={4},
  pages={292--294},
  year={1947}
}

@ARTICLE{qQRamsey-2016,
   author = {{Wang}, H.},
    title = "{Determining {R}amsey numbers on a quantum computer}",
  journal = {\pra},
archivePrefix = "arXiv",
   eprint = {1510.01884},
 primaryClass = "quant-ph",
     year = 2016,
    month = mar,
   volume = 93,
   number = 3,
      eid = {032301},
    pages = {032301},
      doi = {10.1103/PhysRevA.93.032301}
}

@article{ES-1935,
  title={A combinatorial problem in geometry},
  author={Erd{\"o}s, Paul and Szekeres, George},
  journal={Compositio Mathematica},
  volume={2},
  pages={463--470},
  year={1935},
  publisher={Johnson Reprint Corporation}
}


@article{QRamsey-2016,
  title={Determining {R}amsey numbers on a quantum computer},
  author={Wang, Hefeng},
  journal={Physical Review A},
  volume={93},
  number={3},
  year={2016}
}

@incollection{Ramsey-2009,
  title={On a problem of formal logic},
  author={Ramsey, Frank P},
  booktitle={Classic Papers in Combinatorics},
  pages={1--24},
  year={2009},
  publisher={Springer}
}

@ARTICLE{RamseySegment-2017, 
   author = {{Pach}, J. and {Tardos}, G. and {Toth}, G.},
    title = "{Disjointness graphs of segments}",
  journal = {ArXiv e-prints},
archivePrefix = "arXiv",
   eprint = {1704.01892},
 primaryClass = "math.CO",
 keywords = {Mathematics - Combinatorics, 52Cxx},
     year = 2017,
    month = apr
  
}
