

% http://www.stockholmsmassan.se/


@inproceedings{BBT-2009,
  title={Tailored {B}regman ball trees for effective nearest neighbors},
  author={Nielsen, Frank and Piro, Paolo and Barlaud, Michel},
  booktitle={Proceedings of the 25th European Workshop on Computational Geometry (EuroCG)},
  pages={29--32},
  year={2009}
}


@article{Lauritzen-1987,
  title={Statistical manifolds},
  author={Steffen L. Lauritzen},
  journal={Differential Geometry in Statistical Inference},
  pages={164},
  year={1987},
  publisher={IMS}
}


@article{Ising-2018,
  title={Inference in {I}sing models},
  author={Bhattacharya, Bhaswar B and Mukherjee, Sumit and others},
  journal={Bernoulli},
  volume={24},
  number={1},
  pages={493--525},
  year={2018},
  publisher={Bernoulli Society for Mathematical Statistics and Probability}
}


@inproceedings{MRF-1986,
  title={Markov random field image models and their applications to computer vision},
  author={Geman, Stuart and Graffigne, Christine},
  booktitle={Proceedings of the international congress of mathematicians},
  volume={1},
  pages={2},
  year={1986}
}

@article{Ising-2000,
  title={The {I}sing model is {NP}-complete},
  author={Cipra, Barry A},
  journal={SIAM News},
  volume={33},
  number={6},
  pages={1--3},
	year=2000
}


@inproceedings{geowmixtures-2018,
  author    = {Frank Nielsen and Richard Nock},
  title     = {On the geometric of mixtures of prescribed distributions},
  booktitle = { {IEEE} International Conference on Acoustics, Speech and Signal
               Processing ({ICASSP})},
  year      = {2018}
}


@ARTICLE{lse-2017,
   author = {{Gao}, B. and {Pavel}, L.},
    title = "{On the Properties of the Softmax Function with Application in Game Theory and Reinforcement Learning}",
  journal = {ArXiv e-prints},
archivePrefix = "arXiv",
   eprint = {1704.00805},
 primaryClass = "math.OC",
 keywords = {Mathematics - Optimization and Control},
     year = 2017,
    month = apr
}



@article{lse-2016,
  title={Guaranteed bounds on information-theoretic measures of univariate mixtures using piecewise log-sum-exp inequalities},
  author={Nielsen, Frank and Sun, Ke},
  journal={Entropy},
  volume={18},
  number={12},
  pages={442},
  year={2016},
  publisher={Multidisciplinary Digital Publishing Institute}
}


@inproceedings{refduality-2015,
  title={Reference duality and representation duality in information geometry},
  author={Zhang, Jun},
  booktitle={AIP Conference Proceedings},
  volume={1641},
  number={1},
  pages={130--146},
  year={2015},
  organization={AIP}
}


@article{Cobb-1983,
  title={Estimation and moment recursion relations for multimodal distributions of the exponential family},
  author={Cobb, Loren and Koppstein, Peter and Chen, Neng Hsin},
  journal={Journal of the American Statistical Association},
  volume={78},
  number={381},
  pages={124--130},
  year={1983},
  publisher={Taylor \& Francis}
}

@inproceedings{bresler2014hardness,
  title={Hardness of parameter estimation in graphical models},
  author={Bresler, Guy and Gamarnik, David and Shah, Devavrat},
  booktitle={Advances in Neural Information Processing Systems},
  pages={1062--1070},
  year={2014}
}


@book{Cover-2012,
  title={Elements of information theory},
  author={Cover, Thomas M and Thomas, Joy A},
  year={2012},
  publisher={John Wiley \& Sons}
}

@book{HIG-2007,
  title={The geometry of {H}essian structures},
  author={Shima, Hirohiko},
  year={2007},
  publisher={World Scientific}
}

@misc{LegendreIG-2010,
  title={Legendre transformation and information geometry},
  author={Nielsen, Frank},
  year={2010}
}

@book{tensor-2011,
  title={A student's guide to vectors and tensors},
  author={Fleisch, Daniel A},
  year={2011},
  publisher={Cambridge University Press}
}


@book{KassVos-1997,
    author = {Kass, Robert E. and Vos, Paul W.},
    day = {03},
    howpublished = {Hardcover},
    isbn = {0471826685},
    keywords = {fisher-information, geometry, information, riemann-manifold},
    month = jul,
    publisher = {Wiley-Interscience},
    title = {Geometrical Foundations of Asymptotic Inference},
    year = {1997},
		note={Fisher-Rao metric of location-scale family is hyperbolic (and can be diagonalized), pages 192--193},
 addnoteby={Frank Nielsen}
}

@article{Fast1DClustering-2017,
  title={Fast Exact $k$-Means, $k$-Medians and {B}regman Divergence Clustering in 1D},
  author={Gr{\o}nlund, Allan and Larsen, Kasper Green and Mathiasen, Alexander and Nielsen, Jesper Sindahl},
  journal={arXiv preprint arXiv:1701.07204},
  year={2017}
}


@book{DL-2016,
    title={Deep Learning},
    author={Ian Goodfellow and Yoshua Bengio and Aaron Courville},
    publisher={MIT Press},
    note={\url{http://www.deeplearningbook.org}},
    year={2016}
}

@book{MC-2014,
  title={Monte {C}arlo methods},
  author={Robert, Christian P},
  year={2004},
  publisher={Wiley Online Library}
}


@article{SymbolicMonotoneOp-2017,
  title={Symbolic computation with monotone operators},
  author={Lauster, Florian and Luke, D Russell and Tam, Matthew K},
  journal={Set-Valued and Variational Analysis},
  pages={1--16},
  year={2017},
  publisher={Springer}
}


@book{hpc-2016,
  author    = {Frank Nielsen},
  title     = {Introduction to {HPC} with {MPI} for Data Science},
  series    = {Undergraduate Topics in Computer Science},
  publisher = {Springer},
  year      = {2016},
  url       = {https://doi.org/10.1007/978-3-319-21903-5},
  doi       = {10.1007/978-3-319-21903-5},
  isbn      = {978-3-319-21902-8} 
}


@book{Boyd-2004,
  title={Convex optimization},
  author={Boyd, Stephen and Vandenberghe, Lieven},
  year={2004},
  publisher={Cambridge university press}
}

@inproceedings{PEF-2016,
  title={Patch matching with polynomial exponential families and projective divergences},
  author={Nielsen, Frank and Nock, Richard},
  booktitle={International Conference on Similarity Search and Applications},
  pages={109--116},
  year={2016},
  organization={Springer}
}


@inproceedings{lopartition-2002,
  title={A new class of upper bounds on the log partition function},
  author={Wainwright, Martin J and Jaakkola, Tommi S and Willsky, Alan S},
  booktitle={Proceedings of the Eighteenth conference on Uncertainty in artificial intelligence},
  pages={536--543},
  year={2002},
  organization={Morgan Kaufmann Publishers Inc.}
}

@article{RBM-2015,
  title={Geometry and expressive power of conditional restricted {B}oltzmann machines.},
  author={Mont{\'u}far, Guido and Ay, Nihat and Ghazi-Zahedi, Keyan},
  journal={Journal of Machine Learning Research},
  volume={16},
  pages={2405--2436},
  year={2015}
}


@book{IG-2014,
  title={Geometric Modeling in Probability and Statistics},
  author={Calin, Ovidiu and Udriste, Constantin},
  isbn={9783319077796},
  series={Mathematics and Statistics},
  year={2014},
  publisher={Springer International Publishing}
}



@article{Bregman1DClustering-2017,
  author    = {Allan Gr{\o}nlund and
               Kasper Green Larsen and
               Alexander Mathiasen and
               Jesper Sindahl Nielsen},
  title     = {Fast Exact $k$-Means, $k$-Medians and {B}regman Divergence Clustering in
               {1D}},
  journal   = {CoRR},
  volume    = {abs/1701.07204},
  year      = {2017},
  url       = {http://arxiv.org/abs/1701.07204},
  archivePrefix = {arXiv}
}

@article{Bregman1DClustering-2014,
  title={Optimal interval clustering: Application to {B}regman clustering and statistical mixture learning},
  author={Nielsen, Frank and Nock, Richard},
  journal={IEEE Signal Processing Letters},
  volume={21},
  number={10},
  pages={1289--1292},
  year={2014},
  publisher={IEEE}
}


@article{Dawid-2007,
  title={The geometry of proper scoring rules},
  author={Dawid, A Philip},
  journal={Annals of the Institute of Statistical Mathematics},
  volume={59},
  number={1},
  pages={77--93},
  year={2007},
  publisher={Springer}
}

@inproceedings{BVT-2009,
  title={Bregman vantage point trees for efficient nearest neighbor queries},
  author={Nielsen, Frank and Piro, Paolo and Barlaud, Michel},
  booktitle={Multimedia and Expo, 2009. ICME 2009. IEEE International Conference on},
  pages={878--881},
  year={2009},
  organization={IEEE}
}

@inproceedings{BVD-2007,
  title={On {B}regman {V}oronoi diagrams},
  author={Nielsen, Frank and Boissonnat, Jean-Daniel and Nock, Richard},
  booktitle={Proceedings of the eighteenth annual ACM-SIAM symposium on Discrete algorithms},
  pages={746--755},
  year={2007},
  organization={Society for Industrial and Applied Mathematics}
}


@article{BVD-2010,
  title={Bregman {V}oronoi diagrams},
  author={Boissonnat, Jean-Daniel and Nielsen, Frank and Nock, Richard},
  journal={Discrete \& Computational Geometry},
  volume={44},
  number={2},
  pages={281--307},
  year={2010},
  publisher={Springer}
}

@article{Chernoff-2013,
  title={An information-geometric characterization of {C}hernoff information},
  author={Nielsen, Frank},
  journal={IEEE Signal Processing Letters},
  volume={20},
  number={3},
  pages={269--272},
  year={2013},
  publisher={IEEE}
}


 @incollection{HT-2013,
  title={Hypothesis testing, information divergence and computational geometry},
  author={Nielsen, Frank},
  booktitle={Geometric Science of Information},
  pages={241--248},
  year={2013},
  publisher={Springer}
}

@article{SEB-2008,
  title={On the smallest enclosing information disk},
  author={Nielsen, Frank and Nock, Richard},
  journal={Information Processing Letters},
  volume={105},
  number={3},
  pages={93--97},
  year={2008},
  publisher={Elsevier}
}


@article{Bregman-2005,
  title={Clustering with {B}regman divergences},
  author={Banerjee, Arindam and Merugu, Srujana and Dhillon, Inderjit S and Ghosh, Joydeep},
  journal={Journal of machine learning research},
  volume={6},
  number={Oct},
  pages={1705--1749},
  year={2005}
}

@article{MCIG-general-2018,
  title={Monte {C}arlo Information Geometry:  The generic case of statistical manifolds},
  author={Frank Nielsen and Ga\"etan Hadjeres},
  journal={preprint},
  year={2018}
}



@inproceedings{BMFamily-2013,
  title={Learning stochastic feedforward neural networks},
  author={Tang, Yichuan and Salakhutdinov, Ruslan R},
  booktitle={Advances in Neural Information Processing Systems},
  pages={530--538},
  year={2013}
}


 

@article{SymBregman-2009,
  title={Sided and symmetrized {B}regman centroids},
  author={Nielsen, Frank and Nock, Richard},
  journal={IEEE transactions on Information Theory},
  volume={55},
  number={6},
  pages={2882--2904},
  year={2009},
  publisher={IEEE}
}


@article{nielsen-2010,
  title={A family of statistical symmetric divergences based on {J}ensen's inequality},
  author={Nielsen, Frank},
  journal={arXiv preprint arXiv:1009.4004},
  year={2010}
}

@article{BR-2011,
  title={The {B}urbea-{R}ao and {B}hattacharyya centroids},
  author={Nielsen, Frank and Boltz, Sylvain},
  journal={IEEE Transactions on Information Theory},
  volume={57},
  number={8},
  pages={5455--5466},
  year={2011},
  publisher={IEEE}
}


@inproceedings{totalJ-2015,
  title={Total {J}ensen divergences: definition, properties and clustering},
  author={Nielsen, Frank and Nock, Richard},
  booktitle={IEEE International Conference on Acoustics, Speech and Signal Processing (ICASSP)},
  pages={2016--2020},
  year={2015},
  organization={IEEE}
}

@inproceedings{GaussianClustering-2007,
  title={Differential entropic clustering of multivariate gaussians},
  author={Davis, Jason V and Dhillon, Inderjit S},
  booktitle={Advances in Neural Information Processing Systems},
  pages={337--344},
  year={2007}
}


@inproceedings{GaussianClustering-2009,
  title={Simplifying {G}aussian mixture models via entropic quantization},
  author={Nielsen, Frank and Garcia, Vincent and Nock, Richard},
  booktitle={17th European Conference on Signal Processing (EUSIPCO)},
  pages={2012--2016},
  year={2009},
  organization={IEEE}
}


@article{Critchley-CIG,
  title={Computational information geometry in statistics: theory and practice},
  author={Critchley, Frank and Marriott, Paul},
  journal={Entropy},
  volume={16},
  number={5},
  pages={2454--2471},
  year={2014},
  publisher={Multidisciplinary Digital Publishing Institute}
}

@book{Gervsgorin-2010,
  title={Ger{\v{s}}gorin and his circles},
  author={Varga, Richard S},
  volume={36},
  year={2010},
  publisher={Springer Science \& Business Media}
}


@article{Crouzeix-1977,
  title={A relationship between the second derivatives of a convex function and of its conjugate},
  author={Crouzeix, Jean-Pierre},
  journal={Mathematical Programming},
  volume={13},
  number={1},
  pages={364--365},
  year={1977},
  publisher={Springer}
}


@article{Pelletier-2005,
  title={Informative barycentres in statistics},
  author={Pelletier, Bruno},
  journal={Annals of the Institute of Statistical Mathematics},
  volume={57},
  number={4},
  pages={767--780},
  year={2005},
  publisher={Springer}
}


@inproceedings{KLaveraging-2014,
  title={Distributed estimation, information loss and exponential families},
  author={Liu, Qiang and Ihler, Alexander T},
  booktitle={Advances in Neural Information Processing Systems},
  pages={1098--1106},
  year={2014}
}


@inproceedings{MixedBregmanClustering-2008,
  title={Mixed {B}regman clustering with approximation guarantees},
  author={Nock, Richard and Luosto, Panu and Kivinen, Jyrki},
  booktitle={Joint European Conference on Machine Learning and Knowledge Discovery in Databases},
  pages={154--169},
  year={2008},
  organization={Springer}
}
 


@inproceedings{matsuzoe-2017,
  title={A Sequential Structure of Statistical Manifolds on Deformed Exponential Family},
  author={Matsuzoe, Hiroshi and Scarfone, Antonio M and Wada, Tatsuaki},
  booktitle={International Conference on Geometric Science of Information},
  pages={223--230},
  year={2017},
  organization={Springer}
}


@article{Risch-1970,
  title={The solution of the problem of integration in finite terms},
  author={Risch, Robert H},
  journal={Bulletin of the American Mathematical Society},
  volume={76},
  number={3},
  pages={605--608},
  year={1970}
}

@inproceedings{Frongillo-2014,
  title={Convex foundations for generalized {MaxEnt} models},
  author={Frongillo, Rafael and Reid, Mark D},
  booktitle={AIP Conference Proceedings},
  volume={1636},
  number={1},
  pages={11--16},
  year={2014},
  organization={AIP}
}

@article{AW-KLBD-2001,
  title={Relative loss bounds for on-line density estimation with the exponential family of distributions},
  author={Azoury, Katy S and Warmuth, Manfred K},
  journal={Machine Learning},
  volume={43},
  number={3},
  pages={211--246},
  year={2001},
  publisher={Springer}
}

@article{Holder-2017,
  title={On H{\"o}lder projective divergences},
  author={Nielsen, Frank and Sun, Ke and Marchand-Maillet, St{\'e}phane},
  journal={Entropy},
  volume={19},
  number={3},
  pages={122},
  year={2017},
  publisher={Multidisciplinary Digital Publishing Institute}
}

@article{gammadiv-2014,
  title={Spontaneous clustering via minimum $\gamma$-divergence},
  author={Notsu, Akifumi and Komori, Osamu and Eguchi, Shinto},
  journal={Neural computation},
  volume={26},
  number={2},
  pages={421--448},
  year={2014},
  publisher={MIT Press}
}

@article{Eguchi-1983,
  title={Second order efficiency of minimum contrast estimators in a curved exponential family},
  author={Eguchi, Shinto},
  journal={The Annals of Statistics},
  pages={793--803},
  year={1983}
}


@article{flashcards-2009,
  title={Statistical exponential families: A digest with flash cards},
  author={Nielsen, Frank and Garcia, Vincent},
  journal={arXiv preprint arXiv:0911.4863},
  year={2009}
}


@article{Eguchi-1992,
  title={Geometry of minimum contrast},
  author={Eguchi, Shinto},
  journal={Hiroshima Mathematical Journal},
  volume={22},
  number={3},
  pages={631--647},
  year={1992},
  publisher={Hiroshima University, Department of Mathematics}
}


@article{IGDiv-2010,
  title={Information geometry of divergence functions},
  author={Amari, Shun-ichi and Cichocki, Andrzej},
  journal={Bulletin of the Polish Academy of Sciences: Technical Sciences},
  volume={58},
  number={1},
  pages={183--195},
  year={2010},
  publisher={Versita}
}
 
 


 


	@book{IG-2016,
  title={Information Geometry and Its Applications},
  author={Amari, S.},
  isbn={9784431559771},
  series={Applied Mathematical Sciences},
  year={2016},
  publisher={Springer Japan}
}

@article{KLnotanalytic-2004,
  title={Kullback information of normal mixture is not an analytic function},
  author={Watanabe, Sumio and Yamazaki, Keisuke and Aoyagi, Miki},
  journal={technical report of IEICE (in Japanese)},
  number={2004-0},
  pages={41--46},
  year={2004}
}




 

@inproceedings{RFF-2008,
  title={Random features for large-scale kernel machines},
  author={Rahimi, Ali and Recht, Benjamin},
  booktitle={Advances in neural information processing systems},
  pages={1177--1184},
  year={2008}
}


@article{wmixture-2017,
  author    = {Frank Nielsen and
               Richard Nock},
  title     = {On $w$-mixtures: Finite convex combinations of prescribed component
               distributions},
  journal   = {CoRR},
  volume    = {abs/1708.00568},
  year      = {2017},
  url       = {http://arxiv.org/abs/1708.00568},
  archivePrefix = {arXiv},
  eprint    = {1708.00568}
}
