@book{Amari-2007,
  title={Methods of information geometry},
  author={Amari, Shun-ichi and Nagaoka, Hiroshi},
  volume={191},
  year={2007},
  publisher={American Mathematical Soc.}
}

@book{IG-2014,
  title={Geometric modeling in probability and statistics},
  author={Calin, Ovidiu and Udri{\c{s}}te, Constantin},
  publisher={Springer}
}

@book{IG-2016,
  title={Information geometry and its applications},
  author={Amari, Shun-ichi},
  year={2016},
  publisher={Springer}
}

@article{BVD-2010,
  title={Bregman {V}oronoi diagrams},
  author={Boissonnat, Jean-Daniel and Nielsen, Frank and Nock, Richard},
  journal={Discrete \& Computational Geometry},
  volume={44},
  number={2},
  pages={281--307},
  year={2010},
  publisher={Springer}
}
