@incollection{Thales-2015,
  title={Geometry in the {G}reek-{H}ellenistic era and late Antiquity},
  author={Scriba, Christoph J and Schreiber, Peter},
  booktitle={5000 Years of Geometry},
  pages={27--116},
  year={2015},
  publisher={Springer}
}

@article{nielsen-2008,
  title={On the smallest enclosing information disk},
  author={Nielsen, Frank and Nock, Richard},
  journal={Information Processing Letters},
  volume={105},
  number={3},
  pages={93--97},
  year={2008},
  publisher={Elsevier}
}

@article{BVD-2010,
  title={Bregman {V}oronoi diagrams},
  author={Boissonnat, Jean-Daniel and Nielsen, Frank and Nock, Richard},
  journal={Discrete \& Computational Geometry},
  volume={44},
  number={2},
  pages={281--307},
  year={2010},
  publisher={Springer}
}
