@article{vcencov1978algebraic,
  title={Algebraic foundation of mathematical statistics},
  author={{\v{C}}encov, NN},
  journal={Statistics: A Journal of Theoretical and Applied Statistics},
  volume={9},
  number={2},
  pages={267--276},
  year={1978},
  publisher={Taylor \& Francis}
}

@article{NNN-1981,
  title={A brief description of natural neighbour interpolation},
  author={Sibson, Robin},
  journal={Interpreting multivariate data},
  pages={21--36},
  year={1981},
  publisher={John Wiley \& Sons}
}

@book{cover1999elements,
  title={Elements of information theory},
  author={Cover, Thomas M},
  year={1999},
  publisher={John Wiley \& Sons}
}

@article{chernoff1952measure,
  title={A measure of asymptotic efficiency for tests of a hypothesis based on the sum of observations},
  author={Chernoff, Herman},
  journal={The Annals of Mathematical Statistics},
  pages={493--507},
  year={1952},
  publisher={JSTOR}
}


@article{CI-2013,
  title={{An information-geometric characterization of Chernoff information}},
  author={Nielsen, Frank},
  journal={IEEE Signal Processing Letters},
  volume={20},
  number={3},
  pages={269--272},
  year={2013},
  publisher={IEEE}
}


@article{westover2008asymptotic,
  title={Asymptotic geometry of multiple hypothesis testing},
  author={Westover, M Brandon},
  journal={IEEE transactions on information theory},
  volume={54},
  number={7},
  pages={3327--3329},
  year={2008},
  publisher={IEEE}
}