
@article{PapadopoulosTroyanov2014,
  author       = {Athanase Papadopoulos and Marc Troyanov},
  title        = {{From Funk to Hilbert Geometry}},
  journal      = {Handbook of Hilbert Geometry (IRMA Lectures in Mathematics and Theoretical Physics)},
  year         = {2014},
  pages        = {33--67},
  note         = {Survey of basic geometric properties of the Funk metric of a convex set in ℝⁿ, including geodesics, topology, metric balls, perpendicularity, isometries; Hilbert metric as a symmetrization of Funk metric.}
}

@article{Olin2011,
  author       = {Eugeny A. Olin},
  title        = {{On Different Curvatures of Spheres in Funk Geometry}},
  journal      = {arXiv preprint arXiv:1110.0412},
  year         = {2011},
  note         = {Computes normal, Finsler and Rund curvatures of spheres and circles in Funk geometry as radius tends to infinity.}
}

@article{Vincze2016,
  author       = {Csaba Vincze},
  title        = {{Analytic Properties and the Asymptotic Behavior of the Area Function of a Funk Metric}},
  journal      = {arXiv preprint arXiv:1602.06565},
  year         = {2016},
  note         = {Studies analytic regularity and convexity of the area function of the Funk manifold in Minkowski geometry.}
}

@article{Faifman2021,
  author       = {Dmitry Faifman},
  title        = {{A Funk Perspective on Billiards, Projective Geometry and Mahler Volum}e},
  journal      = {Journal of Differential Geometry},
  year         = {2021},
  note         = {Explores connections of the Funk metric with projective geometry, billiards, convex geometry and affine inequalities.}
}

@article{Solorzano2024,
  author       = {Víctor León Solórzano and Alexandre Henrique and Marcelo Souza},
  title        = {{Navigation Problem; $\lambda$‑Funk Metric; Finsler Metric}},
  journal      = {arXiv preprint arXiv:2409.12058},
  year         = {2024},
  note         = {Generalization of the Funk metric in a navigation problem (e.g. lake + wind), deriving λ‑Funk metric formulas for travel times.}
}

@article{Yamada2014,
  author       = {Sumio Yamada},
  title        = {{Variational Formulations of the Funk and Apollonian Weak Metrics on Convex Sets}},
  journal      = {RIMS Kokyuroku Bessatsu},
  year         = {2014},
  note         = {Provides variational characterizations of the Funk weak metric and its geodesics in convex sets.}
}

@article{Troyanov2013,
  author       = {Marc Troyanov},
  title        = {{Funk and Hilbert Geometries from the Finslerian Viewpoint}},
  journal      = {arXiv preprint arXiv:1311.2508},
  year         = {2013},
  note         = {Discusses the Funk–Berwald characterization theorem: Finsler metrics whose geodesics are straight lines and flag curvature −1 correspond to Hilbert geometries.}
}
