@article{BR-2011,
  title={{The Burbea-Rao and Bhattacharyya centroids}},
  author={Nielsen, Frank and Boltz, Sylvain},
  journal={IEEE Transactions on Information Theory},
  volume={57},
  number={8},
  pages={5455--5466},
  year={2011},
  publisher={IEEE}
}


@article{CF-2020,
  title={Cumulant-free closed-form formulas for some common (dis)similarities between densities of an exponential family},
  author={Nielsen, Frank and Nock, Richard},
  journal={arXiv preprint arXiv:2003.02469},
  year={2020}
}