@article{UltimateCH-1986,
  title={The ultimate planar convex hull algorithm?},
  author={Kirkpatrick, David G and Seidel, Raimund},
  journal={SIAM journal on computing},
  volume={15},
  number={1},
  pages={287--299},
  year={1986},
  publisher={SIAM}
}

@phdthesis{quilan2022convex,
  title={Convex hull peeling},
  author={Quilan, Gauthier},
  year={2022},
  school={Normandie Universit{\'e}}
}

@inproceedings{GroupingQuerying-1998,
  title={Grouping and querying: A paradigm to get output-sensitive algorithms},
  author={Nielsen, Frank},
  booktitle={Japanese Conference on Discrete and Computational Geometry},
  pages={250--257},
  year={1998},
  organization={Springer}
}


CHAZELLE, B. "On the convex layers of a planar set." IEEE transactions on information theory 31.4 (1985): 509-517.

@article{ConvexLayers-1985,
  title={On the convex layers of a planar set},
  author={Chazelle, Bernard},
  journal={IEEE Transactions on Information Theory},
  volume={31},
  number={4},
  pages={509--517},
  year={1985},
  publisher={IEEE}
}


@article{OSPeeling-1996,
  title={Output-sensitive peeling of convex and maximal layers},
  author={Nielsen, Franck},
  journal={Information processing letters},
  volume={59},
  number={5},
  pages={255--259},
  year={1996},
  publisher={Elsevier}
}