@article{Bregman-1967,
  title={The relaxation method of finding the common point of convex sets and its application to the solution of problems in convex programming},
  author={Bregman, Lev M.},
  journal={USSR computational mathematics and mathematical physics},
  volume={7},
  number={3},
  pages={200--217},
  year={1967},
  publisher={Elsevier}
}


@article{tsuda2005matrix,
  title={Matrix exponentiated gradient updates for on-line learning and Bregman projection},
  author={Tsuda, Koji and R{\"a}tsch, Gunnar and Warmuth, Manfred K},
  journal={Journal of Machine Learning Research},
  volume={6},
  number={Jun},
  pages={995--1018},
  year={2005}
}


@article{nielsen2022statistical,
  title={Statistical divergences between densities of truncated exponential families with nested supports: Duo Bregman and duo Jensen divergences},
  author={Nielsen, Frank},
  journal={Entropy},
  volume={24},
  number={3},
  pages={421},
  year={2022},
  publisher={MDPI}
}
@article{brekelmans2022rho,
  title={Rho-Tau Bregman Information and the Geometry of Annealing Paths},
  author={Brekelmans, Rob and Nielsen, Frank},
  journal={arXiv preprint arXiv:2209.07481},
  year={2022}
}

@incollection{nielsen2021quasiconvex,
  title={Quasiconvex Jensen Divergences and Quasiconvex Bregman Divergences},
  author={Nielsen, Frank and Hadjeres, Ga{\"e}tan},
  booktitle={Geometric Structures of Statistical Physics, Information Geometry, and Learning: SPIGL'20, Les Houches, France, July 27--31},
  pages={196--218},
  year={2021},
  publisher={Springer}
}
@inproceedings{nielsen2019bregman,
  title={The Bregman chord divergence},
  author={Nielsen, Frank and Nock, Richard},
  booktitle={Geometric Science of Information: 4th International Conference, GSI 2019, Toulouse, France, August 27--29, 2019, Proceedings 4},
  pages={299--308},
  year={2019},
  organization={Springer}
}

@inproceedings{gomes2019geometry,
  title={Geometry and fixed-rate quantization in Riemannian metric spaces induced by separable Bregman divergences},
  author={Gomes-Gon{\c{c}}alves, Erika and Gzyl, Henryk and Nielsen, Frank},
  booktitle={Geometric Science of Information: 4th International Conference, GSI 2019, Toulouse, France, August 27--29, 2019, Proceedings 4},
  pages={351--358},
  year={2019},
  organization={Springer}
}
@article{nielsen2017generalizing,
  title={Generalizing skew Jensen divergences and Bregman divergences with comparative convexity},
  author={Nielsen, Frank and Nock, Richard},
  journal={IEEE Signal Processing Letters},
  volume={24},
  number={8},
  pages={1123--1127},
  year={2017},
  publisher={IEEE}
}

@article{nielsen2014optimal,
  title={Optimal interval clustering: Application to Bregman clustering and statistical mixture learning},
  author={Nielsen, Frank and Nock, Richard},
  journal={IEEE Signal Processing Letters},
  volume={21},
  number={10},
  pages={1289--1292},
  year={2014},
  publisher={IEEE}
}

@article{liu2012shape,
  title={Shape retrieval using hierarchical total Bregman soft clustering},
  author={Liu, Meizhu and Vemuri, Baba C and Amari, Shun-ichi and Nielsen, Frank},
  journal={IEEE Transactions on pattern analysis and machine intelligence},
  volume={34},
  number={12},
  pages={2407--2419},
  year={2012},
  publisher={IEEE}
}

@article{vemuri2010total,
  title={Total Bregman divergence and its applications to DTI analysis},
  author={Vemuri, Baba C and Liu, Meizhu and Amari, Shun-Ichi and Nielsen, Frank},
  journal={IEEE Transactions on medical imaging},
  volume={30},
  number={2},
  pages={475--483},
  year={2010},
  publisher={IEEE}
}
@article{boissonnat2010bregman,
  title={Bregman voronoi diagrams},
  author={Boissonnat, Jean-Daniel and Nielsen, Frank and Nock, Richard},
  journal={Discrete \& Computational Geometry},
  volume={44},
  pages={281--307},
  year={2010},
  publisher={Springer}
}

@inproceedings{nielsen2010jensen,
  title={Jensen-Bregman Voronoi diagrams and centroidal tessellations},
  author={Nielsen, Frank and Nock, Richard},
  booktitle={2010 International Symposium on Voronoi Diagrams in Science and Engineering},
  pages={56--65},
  year={2010},
  organization={IEEE}
}
@inproceedings{schwander2010reranking,
  title={Reranking with Contextual Dissimilarity Measures from Representational Bregman k-Means.},
  author={Schwander, Olivier and Nielsen, Frank},
  booktitle={VISAPP (1)},
  pages={118--123},
  year={2010}
}

@article{nock2008bregman,
  title={Bregman divergences and surrogates for learning},
  author={Nock, Richard and Nielsen, Frank},
  journal={IEEE Transactions on Pattern Analysis and Machine Intelligence},
  volume={31},
  number={11},
  pages={2048--2059},
  year={2008},
  publisher={IEEE}
}
@article{nielsen2009sided,
  title={Sided and symmetrized Bregman centroids},
  author={Nielsen, Frank and Nock, Richard},
  journal={IEEE transactions on Information Theory},
  volume={55},
  number={6},
  pages={2882--2904},
  year={2009},
  publisher={IEEE}
}

@inproceedings{nielsen2009bregman,
  title={Bregman vantage point trees for efficient nearest neighbor queries},
  author={Nielsen, Frank and Piro, Paolo and Barlaud, Michel},
  booktitle={2009 IEEE International Conference on Multimedia and Expo},
  pages={878--881},
  year={2009},
  organization={IEEE}
}
@inproceedings{nielsen2009dual,
  title={The dual Voronoi diagrams with respect to representational Bregman divergences},
  author={Nielsen, Frank and Nock, Richard},
  booktitle={2009 Sixth International Symposium on Voronoi Diagrams},
  pages={71--78},
  year={2009},
  organization={IEEE}
}

@inproceedings{nielsen2006approximating,
  title={On approximating the smallest enclosing Bregman balls},
  author={Nielsen, Frank and Nock, Richard},
  booktitle={Proceedings of the twenty-second annual symposium on Computational geometry},
  pages={485--486},
  year={2006}
}

@inproceedings{nock2005fitting,
  title={Fitting the smallest enclosing Bregman ball},
  author={Nock, Richard and Nielsen, Frank},
  booktitle={Machine Learning: ECML 2005: 16th European Conference on Machine Learning, Porto, Portugal, October 3-7, 2005. Proceedings 16},
  pages={649--656},
  year={2005},
  organization={Springer}
}