@inproceedings{MEB-2005,
  title={{Fitting the smallest enclosing Bregman ball}},
  author={Nock, Richard and Nielsen, Frank},
  booktitle={European Conference on Machine Learning},
  pages={649--656},
  year={2005},
  organization={Springer}
}

@article{ChernoffNielsen-2022,
  title={{Revisiting Chernoff information with likelihood ratio exponential families}},
  author={Nielsen, Frank},
  journal={Entropy},
  volume={24},
  number={10},
  pages={1400},
  year={2022},
  publisher={MDPI}
}


@book{IG-2016,
  title={Information geometry and its applications},
  author={Amari, Shun-ichi},
  volume={194},
  year={2016},
  publisher={Springer}
}

@article{DIV-2010,
  title={Information geometry of divergence functions},
  author={Amari, Shun-ichi and Cichocki, Andrzej},
  journal={Bulletin of the polish academy of sciences. Technical sciences},
  volume={58},
  number={1},
  pages={183--195},
  year={2010}
}


@article{OharaEguchi-2014,
  title={{Geometry on positive definite matrices deformed by $V$-potentials and its submanifold structure}},
  author={Ohara, Atsumi and Eguchi, Shinto},
  journal={Geometric Theory of Information},
  pages={31--55},
  year={2014},
  publisher={Springer}
}


@article{MCIG-2018,
  title={{Monte Carlo information geometry: The dually flat case}},
  author={Nielsen, Frank and Hadjeres, Ga{\"e}tan},
  journal={arXiv preprint arXiv:1803.07225},
  year={2018}
}


@article{MCIG-2019,
  title={Monte Carlo information-geometric structures},
  author={Nielsen, Frank and Hadjeres, Ga{\"e}tan},
  journal={Geometric Structures of Information},
  pages={69--103},
  year={2019},
  publisher={Springer}
}


@article{ChernoffNielsen-2013,
  title={{An information-geometric characterization of Chernoff information}},
  author={Nielsen, Frank},
  journal={IEEE Signal Processing Letters},
  volume={20},
  number={3},
  pages={269--272},
  year={2013},
  publisher={IEEE}
}

@inproceedings{ChernoffJulier-2006,
  title={{An empirical study into the use of Chernoff information for robust, distributed fusion of Gaussian mixture models}},
  author={Julier, Simon J},
  booktitle={2006 9th International Conference on Information Fusion},
  pages={1--8},
  year={2006},
  organization={IEEE}
}

@Manual{pyBregMan-2024,
     title = {{pyBregMan: A Python package for Bregman Manifolds}},
     author = {Frank Nielsen and Alexander Soen},
     address = {Tokyo, Japan},
     year = {2024},
     url = {https://franknielsen.github.io/pyBregMan/index.html},
   }


@article{NatGrad-Martens-2020,
  title={New insights and perspectives on the natural gradient method},
  author={Martens, James},
  journal={Journal of Machine Learning Research},
  volume={21},
  number={146},
  pages={1--76},
  year={2020}
}

@inproceedings{RFIM-2017,
  title={{Relative Fisher information and natural gradient for learning large modular models}},
  author={Sun, Ke and Nielsen, Frank},
  booktitle={International Conference on Machine Learning},
  pages={3289--3298},
  year={2017},
  organization={PMLR}
}

@inproceedings{StructureNatGrad-2021,
  title={Tractable structured natural-gradient descent using local parameterizations},
  author={Lin, Wu and Nielsen, Frank and Emtiyaz, Khan Mohammad and Schmidt, Mark},
  booktitle={International Conference on Machine Learning},
  pages={6680--6691},
  year={2021},
  organization={PMLR}
}

@book{DNN-Calin2020,
  title={Deep learning architectures},
  author={Calin, Ovidiu},
  year={2020},
  publisher={Springer}
}

@article{MEBB-2008,
  title={On the smallest enclosing information disk},
  author={Nielsen, Frank and Nock, Richard},
  journal={Information Processing Letters},
  volume={105},
  number={3},
  pages={93--97},
  year={2008},
  publisher={Elsevier}
}

@article{NatGrad-1998,
  title={Natural gradient works efficiently in learning},
  author={Amari, Shun-Ichi},
  journal={Neural computation},
  volume={10},
  number={2},
  pages={251--276},
  year={1998},
  publisher={MIT Press}
}

@article{SingularDFS-2021,
  title={The dually flat structure for singular models},
  author={Nakajima, Naomichi and Ohmoto, Toru},
  journal={Information Geometry},
  volume={4},
  number={1},
  pages={31--64},
  year={2021},
  publisher={Springer}
}

@book{CIG-2017,
  title={Computational Information Geometry},
  author={Nielsen, Frank and Critchley, Frank and Dodson, Christopher TJ},
  year={2017},
  publisher={Springer}
}


@article{Chernoff-1952,
  title={A measure of asymptotic efficiency for tests of a hypothesis based on the sum of observations},
  author={Chernoff, Herman},
  journal={The Annals of Mathematical Statistics},
  pages={493--507},
  year={1952},
  publisher={JSTOR}
}

@article{Critchley-2014,
  title={Computational information geometry in statistics: theory and practice},
  author={Critchley, Frank and Marriott, Paul},
  journal={Entropy},
  volume={16},
  number={5},
  pages={2454--2471},
  year={2014},
  publisher={MDPI}
}

@article{JordanAlgebraConnectionSymCone-2004,
  title={Jordan algebras and dual affine connections on symmetric cones},
  author={Uohashi, Keiko and Ohara, Atsumi},
  journal={Positivity},
  volume={8},
  pages={369--378},
  year={2004},
  publisher={Springer}
}

@book{Shima-2007,
  title={{The geometry of Hessian structures}},
  author={Shima, Hirohiko},
  year={2007},
  publisher={World Scientific}
}


@incollection{CIGDistances-2010,
  title={Computational Information Geometry: Pursing the Meaning of Distances},
  author={Nielsen, Frank},
  booktitle={Open Systems Science},
  pages={217--249},
  year={2010},
  publisher={IOS Press}
}


@article{Eguchi-1985,
  title={A differential geometric approach to statistical inference on the basis of contrast functionals},
  author={Eguchi, Shinto},
  journal={Hiroshima mathematical journal},
  volume={15},
  number={2},
  pages={341--391},
  year={1985},
  publisher={Hiroshima University, Mathematics Program}
}